Poker Hand #HD1773533612: Hold'em No Limit ($0.05/$0.1) - 2024/05/15 12:32:25
Table 'NLHRed8' 6-max Seat #1 is the button
Seat 1: d351c84e ($10.62 in chips)
Seat 2: d7dcb4fc ($10.38 in chips)
Seat 3: Hero ($22.71 in chips)
Seat 6: 733bedbf ($10.35 in chips)
d7dcb4fc: posts small blind $0.05
Hero: posts big blind $0.1
*** HOLE CARDS ***
Dealt to d351c84e 
Dealt to d7dcb4fc 
Dealt to Hero [Ts 8d]
Dealt to 733bedbf 
733bedbf: folds
d351c84e: raises $0.15 to $0.25
d7dcb4fc: raises $0.65 to $0.9
Hero: folds
d351c84e: calls $0.65
*** FLOP *** [Qs 4s Tc]
d7dcb4fc: bets $0.63
d351c84e: folds
Uncalled bet ($0.63) returned to d7dcb4fc
*** SHOWDOWN ***
d7dcb4fc collected $1.81 from pot
*** SUMMARY ***
Total pot $1.9 | Rake $0.09 | Jackpot $0 | Bingo $0 | Fortune $0 | Tax $0
Board [Qs 4s Tc]
Seat 1: d351c84e (button) folded on the Flop
Seat 2: d7dcb4fc (small blind) won ($1.81)
Seat 3: Hero (big blind) folded before Flop
Seat 6: 733bedbf folded before Flop (didn't bet)


Poker Hand #HD1773533586: Hold'em No Limit ($0.05/$0.1) - 2024/05/15 12:32:07
Table 'NLHRed8' 6-max Seat #6 is the button
Seat 1: d351c84e ($10.67 in chips)
Seat 2: d7dcb4fc ($10.33 in chips)
Seat 3: Hero ($22.71 in chips)
Seat 6: 733bedbf ($10.35 in chips)
d351c84e: posts small blind $0.05
d7dcb4fc: posts big blind $0.1
*** HOLE CARDS ***
Dealt to d351c84e 
Dealt to d7dcb4fc 
Dealt to Hero [Qh 7c]
Dealt to 733bedbf 
Hero: folds
733bedbf: folds
d351c84e: folds
Uncalled bet ($0.05) returned to d7dcb4fc
*** SHOWDOWN ***
d7dcb4fc collected $0.1 from pot
*** SUMMARY ***
Total pot $0.1 | Rake $0 | Jackpot $0 | Bingo $0 | Fortune $0 | Tax $0
Seat 1: d351c84e (small blind) folded before Flop
Seat 2: d7dcb4fc (big blind) collected ($0.1)
Seat 3: Hero folded before Flop (didn't bet)
Seat 6: 733bedbf (button) folded before Flop (didn't bet)


Poker Hand #HD1773533562: Hold'em No Limit ($0.05/$0.1) - 2024/05/15 12:31:56
Table 'NLHRed8' 6-max Seat #3 is the button
Seat 1: d351c84e ($10.62 in chips)
Seat 2: d7dcb4fc ($10.33 in chips)
Seat 3: Hero ($22.71 in chips)
Seat 6: 733bedbf ($10.4 in chips)
733bedbf: posts small blind $0.05
d351c84e: posts big blind $0.1
*** HOLE CARDS ***
Dealt to d351c84e 
Dealt to d7dcb4fc 
Dealt to Hero [4h 3c]
Dealt to 733bedbf 
d7dcb4fc: folds
Hero: folds
733bedbf: folds
Uncalled bet ($0.05) returned to d351c84e
*** SHOWDOWN ***
d351c84e collected $0.1 from pot
*** SUMMARY ***
Total pot $0.1 | Rake $0 | Jackpot $0 | Bingo $0 | Fortune $0 | Tax $0
Seat 1: d351c84e (big blind) collected ($0.1)
Seat 2: d7dcb4fc folded before Flop (didn't bet)
Seat 3: Hero (button) folded before Flop (didn't bet)
Seat 6: 733bedbf (small blind) folded before Flop


Poker Hand #HD1773533501: Hold'em No Limit ($0.05/$0.1) - 2024/05/15 12:31:24
Table 'NLHRed8' 6-max Seat #2 is the button
Seat 1: d351c84e ($10.62 in chips)
Seat 2: d7dcb4fc ($10 in chips)
Seat 3: Hero ($22.76 in chips)
Seat 5: 43cdd29 ($4.95 in chips)
Seat 6: 733bedbf ($10.6 in chips)
Hero: posts small blind $0.05
43cdd29: posts big blind $0.1
*** HOLE CARDS ***
Dealt to d351c84e 
Dealt to d7dcb4fc 
Dealt to Hero [9c 9s]
Dealt to 43cdd29 
Dealt to 733bedbf 
733bedbf: raises $0.1 to $0.2
d351c84e: folds
d7dcb4fc: raises $0.5 to $0.7
Hero: folds
43cdd29: folds
733bedbf: folds
Uncalled bet ($0.5) returned to d7dcb4fc
*** SHOWDOWN ***
d7dcb4fc collected $0.53 from pot
*** SUMMARY ***
Total pot $0.55 | Rake $0.02 | Jackpot $0 | Bingo $0 | Fortune $0 | Tax $0
Seat 1: d351c84e folded before Flop (didn't bet)
Seat 2: d7dcb4fc (button) collected ($0.53)
Seat 3: Hero (small blind) folded before Flop
Seat 5: 43cdd29 (big blind) folded before Flop
Seat 6: 733bedbf folded before Flop


Poker Hand #HD1773533387: Hold'em No Limit ($0.05/$0.1) - 2024/05/15 12:30:28
Table 'NLHRed8' 6-max Seat #1 is the button
Seat 1: d351c84e ($10.62 in chips)
Seat 2: d7dcb4fc ($10 in chips)
Seat 3: Hero ($22.86 in chips)
Seat 4: 876da9d4 ($0.76 in chips)
Seat 5: 43cdd29 ($3.93 in chips)
Seat 6: 733bedbf ($10.8 in chips)
d7dcb4fc: posts small blind $0.05
Hero: posts big blind $0.1
*** HOLE CARDS ***
Dealt to d351c84e 
Dealt to d7dcb4fc 
Dealt to Hero [5s Qc]
Dealt to 876da9d4 
Dealt to 43cdd29 
Dealt to 733bedbf 
876da9d4: raises $0.1 to $0.2
43cdd29: calls $0.2
733bedbf: calls $0.2
d351c84e: folds
d7dcb4fc: folds
Hero: folds
*** FLOP *** [7c 8c Th]
876da9d4: bets $0.56 and is all-in
43cdd29: calls $0.56
733bedbf: folds
876da9d4: shows [Ks 9c] (King-High)
43cdd29: shows [4c Kc] (King-High)
*** TURN *** [7c 8c Th] [Tc]
*** RIVER *** [7c 8c Th Tc] [5h]
*** SHOWDOWN ***
43cdd29 collected $1.78 from pot
*** SUMMARY ***
Total pot $1.87 | Rake $0.09 | Jackpot $0 | Bingo $0 | Fortune $0 | Tax $0
Board [7c 8c Th Tc 5h]
Seat 1: d351c84e (button) folded before Flop (didn't bet)
Seat 2: d7dcb4fc (small blind) folded before Flop
Seat 3: Hero (big blind) folded before Flop
Seat 4: 876da9d4 showed [Ks 9c] and lost with Pair of Tens
Seat 5: 43cdd29 showed [4c Kc] and won ($1.78) with King High Flush
Seat 6: 733bedbf folded on the Flop


Poker Hand #HD1773533273: Hold'em No Limit ($0.05/$0.1) - 2024/05/15 12:29:34
Table 'NLHRed8' 6-max Seat #6 is the button
Seat 1: d351c84e ($10.67 in chips)
Seat 2: d7dcb4fc ($10 in chips)
Seat 3: Hero ($22.86 in chips)
Seat 4: 876da9d4 ($2.7 in chips)
Seat 5: 43cdd29 ($1.94 in chips)
Seat 6: 733bedbf ($10.8 in chips)
d351c84e: posts small blind $0.05
d7dcb4fc: posts big blind $0.1
*** HOLE CARDS ***
Dealt to d351c84e 
Dealt to d7dcb4fc 
Dealt to Hero [7s Kc]
Dealt to 876da9d4 
Dealt to 43cdd29 
Dealt to 733bedbf 
Hero: folds
876da9d4: raises $0.2 to $0.3
43cdd29: calls $0.3
733bedbf: folds
d351c84e: folds
d7dcb4fc: calls $0.2
*** FLOP *** [6d Qs 3h]
d7dcb4fc: checks
876da9d4: bets $0.72
43cdd29: raises $0.92 to $1.64 and is all-in
d7dcb4fc: folds
876da9d4: calls $0.92
43cdd29: shows [Qd 4d] (Pair of Queens)
876da9d4: shows [Ks 6h] (Pair of Sixes)
*** TURN *** [6d Qs 3h] [7c]
*** RIVER *** [6d Qs 3h 7c] [Ts]
*** SHOWDOWN ***
43cdd29 collected $3.93 from pot
*** SUMMARY ***
Total pot $4.23 | Rake $0.2 | Jackpot $0.1 | Bingo $0 | Fortune $0 | Tax $0
Board [6d Qs 3h 7c Ts]
Seat 1: d351c84e (small blind) folded before Flop
Seat 2: d7dcb4fc (big blind) folded on the Flop
Seat 3: Hero folded before Flop (didn't bet)
Seat 4: 876da9d4 showed [Ks 6h] and lost with Pair of Sixes
Seat 5: 43cdd29 showed [Qd 4d] and won ($3.93) with Pair of Queens
Seat 6: 733bedbf (button) folded before Flop (didn't bet)


Poker Hand #HD1773533190: Hold'em No Limit ($0.05/$0.1) - 2024/05/15 12:29:01
Table 'NLHRed8' 6-max Seat #5 is the button
Seat 1: d351c84e ($10.77 in chips)
Seat 3: Hero ($22.86 in chips)
Seat 4: 876da9d4 ($2.7 in chips)
Seat 5: 43cdd29 ($2.72 in chips)
Seat 6: 733bedbf ($10 in chips)
733bedbf: posts small blind $0.05
d351c84e: posts big blind $0.1
*** HOLE CARDS ***
Dealt to d351c84e 
Dealt to Hero [7h 5h]
Dealt to 876da9d4 
Dealt to 43cdd29 
Dealt to 733bedbf 
Hero: folds
876da9d4: folds
43cdd29: raises $0.1 to $0.2
733bedbf: calls $0.15
d351c84e: folds
*** FLOP *** [3c Jh 4h]
733bedbf: bets $0.25
43cdd29: calls $0.25
*** TURN *** [3c Jh 4h] [3h]
733bedbf: bets $0.33
43cdd29: calls $0.33
*** RIVER *** [3c Jh 4h 3h] [2c]
733bedbf: checks
43cdd29: checks
733bedbf: shows [Qh Jd] (Pair of Jacks and Pair of Treys)
43cdd29: shows [Th Ad] (Pair of Treys)
*** SHOWDOWN ***
733bedbf collected $1.58 from pot
*** SUMMARY ***
Total pot $1.66 | Rake $0.08 | Jackpot $0 | Bingo $0 | Fortune $0 | Tax $0
Board [3c Jh 4h 3h 2c]
Seat 1: d351c84e (big blind) folded before Flop
Seat 3: Hero folded before Flop (didn't bet)
Seat 4: 876da9d4 folded before Flop (didn't bet)
Seat 5: 43cdd29 (button) showed [Th Ad] and lost with Pair of Treys
Seat 6: 733bedbf (small blind) showed [Qh Jd] and won ($1.58) with Pair of Jacks and Pair of Treys


Poker Hand #HD1773533134: Hold'em No Limit ($0.05/$0.1) - 2024/05/15 12:28:34
Table 'NLHRed8' 6-max Seat #4 is the button
Seat 1: d351c84e ($10.77 in chips)
Seat 3: Hero ($22.86 in chips)
Seat 4: 876da9d4 ($2.7 in chips)
Seat 5: 43cdd29 ($2.72 in chips)
Seat 6: 733bedbf ($10 in chips)
43cdd29: posts small blind $0.05
733bedbf: posts big blind $0.1
*** HOLE CARDS ***
Dealt to d351c84e 
Dealt to Hero [Tc 6d]
Dealt to 876da9d4 
Dealt to 43cdd29 
Dealt to 733bedbf 
d351c84e: folds
Hero: folds
876da9d4: folds
43cdd29: calls $0.05
733bedbf: checks
*** FLOP *** [5d 2h 7d]
43cdd29: checks
733bedbf: checks
*** TURN *** [5d 2h 7d] [6h]
43cdd29: checks
733bedbf: checks
*** RIVER *** [5d 2h 7d 6h] [5s]
43cdd29: checks
733bedbf: checks
43cdd29: shows [4d 9s] (Pair of Fives)
733bedbf: shows [3h 9d] (Pair of Fives)
*** SHOWDOWN ***
43cdd29 collected $0.1 from pot
733bedbf collected $0.1 from pot
*** SUMMARY ***
Total pot $0.2 | Rake $0 | Jackpot $0 | Bingo $0 | Fortune $0 | Tax $0
Board [5d 2h 7d 6h 5s]
Seat 1: d351c84e folded before Flop (didn't bet)
Seat 3: Hero folded before Flop (didn't bet)
Seat 4: 876da9d4 (button) folded before Flop (didn't bet)
Seat 5: 43cdd29 (small blind) showed [4d 9s] and won ($0.1) with Pair of Fives
Seat 6: 733bedbf (big blind) showed [3h 9d] and won ($0.1) with Pair of Fives


Poker Hand #HD1773533066: Hold'em No Limit ($0.05/$0.1) - 2024/05/15 12:28:02
Table 'NLHRed8' 6-max Seat #3 is the button
Seat 1: d351c84e ($10.77 in chips)
Seat 3: Hero ($22.86 in chips)
Seat 4: 876da9d4 ($3.5 in chips)
Seat 5: 43cdd29 ($2 in chips)
876da9d4: posts small blind $0.05
43cdd29: posts big blind $0.1
*** HOLE CARDS ***
Dealt to d351c84e 
Dealt to Hero [5d 7d]
Dealt to 876da9d4 
Dealt to 43cdd29 
d351c84e: folds
Hero: folds
876da9d4: raises $0.2 to $0.3
43cdd29: calls $0.2
*** FLOP *** [4d Th Ah]
876da9d4: bets $0.5
43cdd29: calls $0.5
*** TURN *** [4d Th Ah] [Ks]
876da9d4: checks
43cdd29: bets $1.2 and is all-in
876da9d4: folds
Uncalled bet ($1.2) returned to 43cdd29
*** SHOWDOWN ***
43cdd29 collected $1.52 from pot
*** SUMMARY ***
Total pot $1.6 | Rake $0.08 | Jackpot $0 | Bingo $0 | Fortune $0 | Tax $0
Board [4d Th Ah Ks]
Seat 1: d351c84e folded before Flop (didn't bet)
Seat 3: Hero (button) folded before Flop (didn't bet)
Seat 4: 876da9d4 (small blind) folded on the Turn
Seat 5: 43cdd29 (big blind) won ($1.52)


Poker Hand #HD1773532963: Hold'em No Limit ($0.05/$0.1) - 2024/05/15 12:27:09
Table 'NLHRed8' 6-max Seat #1 is the button
Seat 1: d351c84e ($10.1 in chips)
Seat 3: Hero ($22.91 in chips)
Seat 4: 876da9d4 ($4.19 in chips)
Hero: posts small blind $0.05
876da9d4: posts big blind $0.1
*** HOLE CARDS ***
Dealt to d351c84e 
Dealt to Hero [Qh 5s]
Dealt to 876da9d4 
d351c84e: raises $0.15 to $0.25
Hero: folds
876da9d4: raises $0.15 to $0.4
d351c84e: calls $0.15
*** FLOP *** [8c Qd 4h]
876da9d4: checks
d351c84e: bets $0.29
876da9d4: calls $0.29
*** TURN *** [8c Qd 4h] [6h]
876da9d4: checks
d351c84e: bets $1.08
876da9d4: folds
Uncalled bet ($1.08) returned to d351c84e
*** SHOWDOWN ***
d351c84e collected $1.36 from pot
*** SUMMARY ***
Total pot $1.43 | Rake $0.07 | Jackpot $0 | Bingo $0 | Fortune $0 | Tax $0
Board [8c Qd 4h 6h]
Seat 1: d351c84e (button) won ($1.36)
Seat 3: Hero (small blind) folded before Flop
Seat 4: 876da9d4 (big blind) folded on the Turn


Poker Hand #HD1773532943: Hold'em No Limit ($0.05/$0.1) - 2024/05/15 12:26:59
Table 'NLHRed8' 6-max Seat #4 is the button
Seat 1: d351c84e ($10 in chips)
Seat 3: Hero ($23.01 in chips)
Seat 4: 876da9d4 ($4.19 in chips)
d351c84e: posts small blind $0.05
Hero: posts big blind $0.1
*** HOLE CARDS ***
Dealt to d351c84e 
Dealt to Hero [Kc 2h]
Dealt to 876da9d4 
876da9d4: folds
d351c84e: raises $0.2 to $0.3
Hero: folds
Uncalled bet ($0.2) returned to d351c84e
*** SHOWDOWN ***
d351c84e collected $0.2 from pot
*** SUMMARY ***
Total pot $0.2 | Rake $0 | Jackpot $0 | Bingo $0 | Fortune $0 | Tax $0
Seat 1: d351c84e (small blind) collected ($0.2)
Seat 3: Hero (big blind) folded before Flop
Seat 4: 876da9d4 (button) folded before Flop (didn't bet)


Poker Hand #HD1773532919: Hold'em No Limit ($0.05/$0.1) - 2024/05/15 12:26:50
Table 'NLHRed8' 6-max Seat #3 is the button
Seat 1: d351c84e ($10 in chips)
Seat 3: Hero ($23.01 in chips)
Seat 4: 876da9d4 ($4.09 in chips)
876da9d4: posts small blind $0.05
d351c84e: posts big blind $0.1
*** HOLE CARDS ***
Dealt to d351c84e 
Dealt to Hero [6h 8h]
Dealt to 876da9d4 
Hero: folds
876da9d4: raises $0.1 to $0.2
d351c84e: folds
Uncalled bet ($0.1) returned to 876da9d4
*** SHOWDOWN ***
876da9d4 collected $0.2 from pot
*** SUMMARY ***
Total pot $0.2 | Rake $0 | Jackpot $0 | Bingo $0 | Fortune $0 | Tax $0
Seat 1: d351c84e (big blind) folded before Flop
Seat 3: Hero (button) folded before Flop (didn't bet)
Seat 4: 876da9d4 (small blind) collected ($0.2)


Poker Hand #HD1773532880: Hold'em No Limit ($0.05/$0.1) - 2024/05/15 12:26:32
Table 'NLHRed8' 6-max Seat #1 is the button
Seat 1: d351c84e ($10 in chips)
Seat 3: Hero ($22.91 in chips)
Seat 4: 876da9d4 ($4.19 in chips)
Seat 5: fb10ee2c ($8.9 in chips)
Hero: posts small blind $0.05
876da9d4: posts big blind $0.1
*** HOLE CARDS ***
Dealt to d351c84e 
Dealt to Hero [Js Kd]
Dealt to 876da9d4 
Dealt to fb10ee2c 
fb10ee2c: folds
d351c84e: folds
Hero: raises $0.2 to $0.3
876da9d4: folds
Uncalled bet ($0.2) returned to Hero
*** SHOWDOWN ***
Hero collected $0.2 from pot
*** SUMMARY ***
Total pot $0.2 | Rake $0 | Jackpot $0 | Bingo $0 | Fortune $0 | Tax $0
Seat 1: d351c84e (button) folded before Flop (didn't bet)
Seat 3: Hero (small blind) collected ($0.2)
Seat 4: 876da9d4 (big blind) folded before Flop
Seat 5: fb10ee2c folded before Flop (didn't bet)


Poker Hand #HD1773532853: Hold'em No Limit ($0.05/$0.1) - 2024/05/15 12:26:18
Table 'NLHRed8' 6-max Seat #5 is the button
Seat 1: d351c84e ($10.05 in chips)
Seat 3: Hero ($23.01 in chips)
Seat 4: 876da9d4 ($4.19 in chips)
Seat 5: fb10ee2c ($8.75 in chips)
d351c84e: posts small blind $0.05
Hero: posts big blind $0.1
*** HOLE CARDS ***
Dealt to d351c84e 
Dealt to Hero [Ah 6c]
Dealt to 876da9d4 
Dealt to fb10ee2c 
876da9d4: folds
fb10ee2c: raises $0.2 to $0.3
d351c84e: folds
Hero: folds
Uncalled bet ($0.2) returned to fb10ee2c
*** SHOWDOWN ***
fb10ee2c collected $0.25 from pot
*** SUMMARY ***
Total pot $0.25 | Rake $0 | Jackpot $0 | Bingo $0 | Fortune $0 | Tax $0
Seat 1: d351c84e (small blind) folded before Flop
Seat 3: Hero (big blind) folded before Flop
Seat 4: 876da9d4 folded before Flop (didn't bet)
Seat 5: fb10ee2c (button) collected ($0.25)


Poker Hand #HD1773532830: Hold'em No Limit ($0.05/$0.1) - 2024/05/15 12:26:07
Table 'NLHRed8' 6-max Seat #4 is the button
Seat 1: d351c84e ($10.15 in chips)
Seat 2: 1cf6aff6 ($21.21 in chips)
Seat 3: Hero ($23.01 in chips)
Seat 4: 876da9d4 ($4.19 in chips)
Seat 5: fb10ee2c ($8.65 in chips)
fb10ee2c: posts small blind $0.05
d351c84e: posts big blind $0.1
*** HOLE CARDS ***
Dealt to d351c84e 
Dealt to 1cf6aff6 
Dealt to Hero [8s 7s]
Dealt to 876da9d4 
Dealt to fb10ee2c 
1cf6aff6: folds
Hero: folds
876da9d4: folds
fb10ee2c: raises $0.3 to $0.4
d351c84e: folds
Uncalled bet ($0.3) returned to fb10ee2c
*** SHOWDOWN ***
fb10ee2c collected $0.2 from pot
*** SUMMARY ***
Total pot $0.2 | Rake $0 | Jackpot $0 | Bingo $0 | Fortune $0 | Tax $0
Seat 1: d351c84e (big blind) folded before Flop
Seat 2: 1cf6aff6 folded before Flop (didn't bet)
Seat 3: Hero folded before Flop (didn't bet)
Seat 4: 876da9d4 (button) folded before Flop (didn't bet)
Seat 5: fb10ee2c (small blind) collected ($0.2)


Poker Hand #HD1773532796: Hold'em No Limit ($0.05/$0.1) - 2024/05/15 12:25:52
Table 'NLHRed8' 6-max Seat #3 is the button
Seat 1: d351c84e ($10 in chips)
Seat 2: 1cf6aff6 ($21.21 in chips)
Seat 3: Hero ($23.01 in chips)
Seat 4: 876da9d4 ($4.24 in chips)
Seat 5: fb10ee2c ($8.75 in chips)
876da9d4: posts small blind $0.05
fb10ee2c: posts big blind $0.1
*** HOLE CARDS ***
Dealt to d351c84e 
Dealt to 1cf6aff6 
Dealt to Hero [6h 5c]
Dealt to 876da9d4 
Dealt to fb10ee2c 
d351c84e: raises $0.15 to $0.25
1cf6aff6: folds
Hero: folds
876da9d4: folds
fb10ee2c: folds
Uncalled bet ($0.15) returned to d351c84e
*** SHOWDOWN ***
d351c84e collected $0.25 from pot
*** SUMMARY ***
Total pot $0.25 | Rake $0 | Jackpot $0 | Bingo $0 | Fortune $0 | Tax $0
Seat 1: d351c84e collected ($0.25)
Seat 2: 1cf6aff6 folded before Flop (didn't bet)
Seat 3: Hero (button) folded before Flop (didn't bet)
Seat 4: 876da9d4 (small blind) folded before Flop
Seat 5: fb10ee2c (big blind) folded before Flop


Poker Hand #HD1773532747: Hold'em No Limit ($0.05/$0.1) - 2024/05/15 12:25:31
Table 'NLHRed8' 6-max Seat #2 is the button
Seat 1: d351c84e ($10 in chips)
Seat 2: 1cf6aff6 ($21.46 in chips)
Seat 3: Hero ($22.69 in chips)
Seat 4: 876da9d4 ($4.34 in chips)
Seat 5: fb10ee2c ($8.75 in chips)
Hero: posts small blind $0.05
876da9d4: posts big blind $0.1
*** HOLE CARDS ***
Dealt to d351c84e 
Dealt to 1cf6aff6 
Dealt to Hero [Ad Qc]
Dealt to 876da9d4 
Dealt to fb10ee2c 
fb10ee2c: folds
d351c84e: folds
1cf6aff6: raises $0.15 to $0.25
Hero: raises $0.85 to $1.1
876da9d4: folds
1cf6aff6: folds
Uncalled bet ($0.85) returned to Hero
*** SHOWDOWN ***
Hero collected $0.57 from pot
*** SUMMARY ***
Total pot $0.6 | Rake $0.03 | Jackpot $0 | Bingo $0 | Fortune $0 | Tax $0
Seat 1: d351c84e folded before Flop (didn't bet)
Seat 2: 1cf6aff6 (button) folded before Flop
Seat 3: Hero (small blind) collected ($0.57)
Seat 4: 876da9d4 (big blind) folded before Flop
Seat 5: fb10ee2c folded before Flop (didn't bet)


Poker Hand #HD1773532721: Hold'em No Limit ($0.05/$0.1) - 2024/05/15 12:25:19
Table 'NLHRed8' 6-max Seat #1 is the button
Seat 1: d351c84e ($10 in chips)
Seat 2: 1cf6aff6 ($21.51 in chips)
Seat 3: Hero ($22.64 in chips)
Seat 4: 876da9d4 ($4.34 in chips)
Seat 5: fb10ee2c ($8.75 in chips)
1cf6aff6: posts small blind $0.05
Hero: posts big blind $0.1
*** HOLE CARDS ***
Dealt to d351c84e 
Dealt to 1cf6aff6 
Dealt to Hero [5c Qc]
Dealt to 876da9d4 
Dealt to fb10ee2c 
876da9d4: folds
fb10ee2c: folds
d351c84e: folds
1cf6aff6: folds
Uncalled bet ($0.05) returned to Hero
*** SHOWDOWN ***
Hero collected $0.1 from pot
*** SUMMARY ***
Total pot $0.1 | Rake $0 | Jackpot $0 | Bingo $0 | Fortune $0 | Tax $0
Seat 1: d351c84e (button) folded before Flop (didn't bet)
Seat 2: 1cf6aff6 (small blind) folded before Flop
Seat 3: Hero (big blind) collected ($0.1)
Seat 4: 876da9d4 folded before Flop (didn't bet)
Seat 5: fb10ee2c folded before Flop (didn't bet)


Poker Hand #HD1773532639: Hold'em No Limit ($0.05/$0.1) - 2024/05/15 12:24:42
Table 'NLHRed8' 6-max Seat #6 is the button
Seat 1: d351c84e ($10 in chips)
Seat 2: 1cf6aff6 ($21.61 in chips)
Seat 3: Hero ($22.64 in chips)
Seat 4: 876da9d4 ($4.34 in chips)
Seat 5: fb10ee2c ($8.6 in chips)
Seat 6: 4c9c42fd ($5.41 in chips)
d351c84e: posts small blind $0.05
1cf6aff6: posts big blind $0.1
*** HOLE CARDS ***
Dealt to d351c84e 
Dealt to 1cf6aff6 
Dealt to Hero [6h 2h]
Dealt to 876da9d4 
Dealt to fb10ee2c 
Dealt to 4c9c42fd 
Hero: folds
876da9d4: folds
fb10ee2c: raises $0.2 to $0.3
4c9c42fd: folds
d351c84e: folds
1cf6aff6: folds
Uncalled bet ($0.2) returned to fb10ee2c
*** SHOWDOWN ***
fb10ee2c collected $0.25 from pot
*** SUMMARY ***
Total pot $0.25 | Rake $0 | Jackpot $0 | Bingo $0 | Fortune $0 | Tax $0
Seat 1: d351c84e (small blind) folded before Flop
Seat 2: 1cf6aff6 (big blind) folded before Flop
Seat 3: Hero folded before Flop (didn't bet)
Seat 4: 876da9d4 folded before Flop (didn't bet)
Seat 5: fb10ee2c collected ($0.25)
Seat 6: 4c9c42fd (button) folded before Flop (didn't bet)


Poker Hand #HD1773532608: Hold'em No Limit ($0.05/$0.1) - 2024/05/15 12:24:28
Table 'NLHRed8' 6-max Seat #5 is the button
Seat 1: d351c84e ($10 in chips)
Seat 2: 1cf6aff6 ($21.61 in chips)
Seat 3: Hero ($22.64 in chips)
Seat 4: 876da9d4 ($4.34 in chips)
Seat 5: fb10ee2c ($8.45 in chips)
Seat 6: 4c9c42fd ($5.46 in chips)
4c9c42fd: posts small blind $0.05
d351c84e: posts big blind $0.1
*** HOLE CARDS ***
Dealt to d351c84e 
Dealt to 1cf6aff6 
Dealt to Hero [9c Ad]
Dealt to 876da9d4 
Dealt to fb10ee2c 
Dealt to 4c9c42fd 
1cf6aff6: folds
Hero: folds
876da9d4: folds
fb10ee2c: raises $0.2 to $0.3
4c9c42fd: folds
d351c84e: folds
Uncalled bet ($0.2) returned to fb10ee2c
*** SHOWDOWN ***
fb10ee2c collected $0.25 from pot
*** SUMMARY ***
Total pot $0.25 | Rake $0 | Jackpot $0 | Bingo $0 | Fortune $0 | Tax $0
Seat 1: d351c84e (big blind) folded before Flop
Seat 2: 1cf6aff6 folded before Flop (didn't bet)
Seat 3: Hero folded before Flop (didn't bet)
Seat 4: 876da9d4 folded before Flop (didn't bet)
Seat 5: fb10ee2c (button) collected ($0.25)
Seat 6: 4c9c42fd (small blind) folded before Flop


Poker Hand #HD1773532437: Hold'em No Limit ($0.05/$0.1) - 2024/05/15 12:23:17
Table 'NLHRed8' 6-max Seat #4 is the button
Seat 1: d351c84e ($10 in chips)
Seat 2: 1cf6aff6 ($21.61 in chips)
Seat 3: Hero ($22.88 in chips)
Seat 4: 876da9d4 ($4.34 in chips)
Seat 5: fb10ee2c ($10.13 in chips)
Seat 6: 4c9c42fd ($3.81 in chips)
fb10ee2c: posts small blind $0.05
4c9c42fd: posts big blind $0.1
*** HOLE CARDS ***
Dealt to d351c84e 
Dealt to 1cf6aff6 
Dealt to Hero [Td 9c]
Dealt to 876da9d4 
Dealt to fb10ee2c 
Dealt to 4c9c42fd 
d351c84e: folds
1cf6aff6: folds
Hero: raises $0.14 to $0.24
876da9d4: folds
fb10ee2c: calls $0.19
4c9c42fd: calls $0.14
*** FLOP *** [2s 8d 5h]
fb10ee2c: checks
4c9c42fd: bets $0.36
Hero: folds
fb10ee2c: calls $0.36
*** TURN *** [2s 8d 5h] [Ac]
fb10ee2c: checks
4c9c42fd: checks
*** RIVER *** [2s 8d 5h Ac] [Qc]
fb10ee2c: bets $1.08
4c9c42fd: raises $2.13 to $3.21 and is all-in
fb10ee2c: folds
Uncalled bet ($2.13) returned to 4c9c42fd
*** SHOWDOWN ***
4c9c42fd collected $3.33 from pot
*** SUMMARY ***
Total pot $3.6 | Rake $0.17 | Jackpot $0.1 | Bingo $0 | Fortune $0 | Tax $0
Board [2s 8d 5h Ac Qc]
Seat 1: d351c84e folded before Flop (didn't bet)
Seat 2: 1cf6aff6 folded before Flop (didn't bet)
Seat 3: Hero folded on the Flop
Seat 4: 876da9d4 (button) folded before Flop (didn't bet)
Seat 5: fb10ee2c (small blind) folded on the River
Seat 6: 4c9c42fd (big blind) won ($3.33)


Poker Hand #HD1773532389: Hold'em No Limit ($0.05/$0.1) - 2024/05/15 12:22:57
Table 'NLHRed8' 6-max Seat #3 is the button
Seat 1: d351c84e ($10 in chips)
Seat 2: 1cf6aff6 ($21.61 in chips)
Seat 3: Hero ($22.88 in chips)
Seat 4: 876da9d4 ($4.16 in chips)
Seat 5: fb10ee2c ($10.33 in chips)
Seat 6: 4c9c42fd ($3.81 in chips)
876da9d4: posts small blind $0.05
fb10ee2c: posts big blind $0.1
*** HOLE CARDS ***
Dealt to d351c84e 
Dealt to 1cf6aff6 
Dealt to Hero [2h Ks]
Dealt to 876da9d4 
Dealt to fb10ee2c 
Dealt to 4c9c42fd 
4c9c42fd: folds
d351c84e: folds
1cf6aff6: folds
Hero: folds
876da9d4: raises $0.1 to $0.2
fb10ee2c: calls $0.1
*** FLOP *** [5c Jh Js]
876da9d4: bets $0.3
fb10ee2c: folds
Uncalled bet ($0.3) returned to 876da9d4
*** SHOWDOWN ***
876da9d4 collected $0.38 from pot
*** SUMMARY ***
Total pot $0.4 | Rake $0.02 | Jackpot $0 | Bingo $0 | Fortune $0 | Tax $0
Board [5c Jh Js]
Seat 1: d351c84e folded before Flop (didn't bet)
Seat 2: 1cf6aff6 folded before Flop (didn't bet)
Seat 3: Hero (button) folded before Flop (didn't bet)
Seat 4: 876da9d4 (small blind) won ($0.38)
Seat 5: fb10ee2c (big blind) folded on the Flop
Seat 6: 4c9c42fd folded before Flop (didn't bet)


Poker Hand #HD1773532309: Hold'em No Limit ($0.05/$0.1) - 2024/05/15 12:22:18
Table 'NLHRed8' 6-max Seat #2 is the button
Seat 1: d351c84e ($10 in chips)
Seat 2: 1cf6aff6 ($21.61 in chips)
Seat 3: Hero ($22.93 in chips)
Seat 4: 876da9d4 ($4.26 in chips)
Seat 5: fb10ee2c ($11.01 in chips)
Seat 6: 4c9c42fd ($3.05 in chips)
Hero: posts small blind $0.05
876da9d4: posts big blind $0.1
*** HOLE CARDS ***
Dealt to d351c84e 
Dealt to 1cf6aff6 
Dealt to Hero [9d 3c]
Dealt to 876da9d4 
Dealt to fb10ee2c 
Dealt to 4c9c42fd 
fb10ee2c: raises $0.2 to $0.3
4c9c42fd: calls $0.3
d351c84e: folds
1cf6aff6: folds
Hero: folds
876da9d4: folds
*** FLOP *** [9c 4h 5c]
fb10ee2c: checks
4c9c42fd: checks
*** TURN *** [9c 4h 5c] [As]
fb10ee2c: bets $0.38
4c9c42fd: calls $0.38
*** RIVER *** [9c 4h 5c As] [7d]
fb10ee2c: checks
4c9c42fd: bets $0.5
fb10ee2c: folds
Uncalled bet ($0.5) returned to 4c9c42fd
*** SHOWDOWN ***
4c9c42fd collected $1.44 from pot
*** SUMMARY ***
Total pot $1.51 | Rake $0.07 | Jackpot $0 | Bingo $0 | Fortune $0 | Tax $0
Board [9c 4h 5c As 7d]
Seat 1: d351c84e folded before Flop (didn't bet)
Seat 2: 1cf6aff6 (button) folded before Flop (didn't bet)
Seat 3: Hero (small blind) folded before Flop
Seat 4: 876da9d4 (big blind) folded before Flop
Seat 5: fb10ee2c folded on the River
Seat 6: 4c9c42fd won ($1.44)


Poker Hand #HD1773532277: Hold'em No Limit ($0.05/$0.1) - 2024/05/15 12:22:03
Table 'NLHRed8' 6-max Seat #1 is the button
Seat 1: d351c84e ($10 in chips)
Seat 2: 1cf6aff6 ($21.66 in chips)
Seat 3: Hero ($22.88 in chips)
Seat 4: 876da9d4 ($4.26 in chips)
Seat 5: fb10ee2c ($11.01 in chips)
Seat 6: 4c9c42fd ($3.05 in chips)
1cf6aff6: posts small blind $0.05
Hero: posts big blind $0.1
*** HOLE CARDS ***
Dealt to d351c84e 
Dealt to 1cf6aff6 
Dealt to Hero [4h Ac]
Dealt to 876da9d4 
Dealt to fb10ee2c 
Dealt to 4c9c42fd 
876da9d4: folds
fb10ee2c: folds
4c9c42fd: folds
d351c84e: folds
1cf6aff6: folds
Uncalled bet ($0.05) returned to Hero
*** SHOWDOWN ***
Hero collected $0.1 from pot
*** SUMMARY ***
Total pot $0.1 | Rake $0 | Jackpot $0 | Bingo $0 | Fortune $0 | Tax $0
Seat 1: d351c84e (button) folded before Flop (didn't bet)
Seat 2: 1cf6aff6 (small blind) folded before Flop
Seat 3: Hero (big blind) collected ($0.1)
Seat 4: 876da9d4 folded before Flop (didn't bet)
Seat 5: fb10ee2c folded before Flop (didn't bet)
Seat 6: 4c9c42fd folded before Flop (didn't bet)


Poker Hand #HD1773532231: Hold'em No Limit ($0.05/$0.1) - 2024/05/15 12:21:47
Table 'NLHRed8' 6-max Seat #6 is the button
Seat 1: d351c84e ($10 in chips)
Seat 2: 1cf6aff6 ($21.76 in chips)
Seat 3: Hero ($22.88 in chips)
Seat 4: 876da9d4 ($4.11 in chips)
Seat 5: fb10ee2c ($11.01 in chips)
Seat 6: 4c9c42fd ($3.05 in chips)
d351c84e: posts small blind $0.05
1cf6aff6: posts big blind $0.1
*** HOLE CARDS ***
Dealt to d351c84e 
Dealt to 1cf6aff6 
Dealt to Hero [Jc 5h]
Dealt to 876da9d4 
Dealt to fb10ee2c 
Dealt to 4c9c42fd 
Hero: folds
876da9d4: raises $0.1 to $0.2
fb10ee2c: folds
4c9c42fd: folds
d351c84e: folds
1cf6aff6: folds
Uncalled bet ($0.1) returned to 876da9d4
*** SHOWDOWN ***
876da9d4 collected $0.25 from pot
*** SUMMARY ***
Total pot $0.25 | Rake $0 | Jackpot $0 | Bingo $0 | Fortune $0 | Tax $0
Seat 1: d351c84e (small blind) folded before Flop
Seat 2: 1cf6aff6 (big blind) folded before Flop
Seat 3: Hero folded before Flop (didn't bet)
Seat 4: 876da9d4 collected ($0.25)
Seat 5: fb10ee2c folded before Flop (didn't bet)
Seat 6: 4c9c42fd (button) folded before Flop (didn't bet)


Poker Hand #HD1773532192: Hold'em No Limit ($0.05/$0.1) - 2024/05/15 12:21:28
Table 'NLHRed8' 6-max Seat #5 is the button
Seat 1: d351c84e ($10 in chips)
Seat 2: 1cf6aff6 ($21.76 in chips)
Seat 3: Hero ($22.73 in chips)
Seat 5: fb10ee2c ($11.01 in chips)
Seat 6: 4c9c42fd ($3.1 in chips)
4c9c42fd: posts small blind $0.05
d351c84e: posts big blind $0.1
*** HOLE CARDS ***
Dealt to d351c84e 
Dealt to 1cf6aff6 
Dealt to Hero [Td Ad]
Dealt to fb10ee2c 
Dealt to 4c9c42fd 
1cf6aff6: folds
Hero: raises $0.14 to $0.24
fb10ee2c: folds
4c9c42fd: folds
d351c84e: folds
Uncalled bet ($0.14) returned to Hero
*** SHOWDOWN ***
Hero collected $0.25 from pot
*** SUMMARY ***
Total pot $0.25 | Rake $0 | Jackpot $0 | Bingo $0 | Fortune $0 | Tax $0
Seat 1: d351c84e (big blind) folded before Flop
Seat 2: 1cf6aff6 folded before Flop (didn't bet)
Seat 3: Hero collected ($0.25)
Seat 5: fb10ee2c (button) folded before Flop (didn't bet)
Seat 6: 4c9c42fd (small blind) folded before Flop


Poker Hand #HD1773532110: Hold'em No Limit ($0.05/$0.1) - 2024/05/15 12:20:57
Table 'NLHRed8' 6-max Seat #3 is the button
Seat 2: 1cf6aff6 ($21.61 in chips)
Seat 3: Hero ($22.73 in chips)
Seat 4: 876da9d4 ($4.16 in chips)
Seat 5: fb10ee2c ($11.11 in chips)
Seat 6: 4c9c42fd ($3.1 in chips)
876da9d4: posts small blind $0.05
fb10ee2c: posts big blind $0.1
*** HOLE CARDS ***
Dealt to 1cf6aff6 
Dealt to Hero [Ts 8d]
Dealt to 876da9d4 
Dealt to fb10ee2c 
Dealt to 4c9c42fd 
4c9c42fd: folds
1cf6aff6: raises $0.2 to $0.3
Hero: folds
876da9d4: folds
fb10ee2c: folds
Uncalled bet ($0.2) returned to 1cf6aff6
*** SHOWDOWN ***
1cf6aff6 collected $0.25 from pot
*** SUMMARY ***
Total pot $0.25 | Rake $0 | Jackpot $0 | Bingo $0 | Fortune $0 | Tax $0
Seat 2: 1cf6aff6 collected ($0.25)
Seat 3: Hero (button) folded before Flop (didn't bet)
Seat 4: 876da9d4 (small blind) folded before Flop
Seat 5: fb10ee2c (big blind) folded before Flop
Seat 6: 4c9c42fd folded before Flop (didn't bet)


Poker Hand #HD1773532092: Hold'em No Limit ($0.05/$0.1) - 2024/05/15 12:20:48
Table 'NLHRed8' 6-max Seat #2 is the button
Seat 2: 1cf6aff6 ($21.61 in chips)
Seat 3: Hero ($22.78 in chips)
Seat 4: 876da9d4 ($4.11 in chips)
Seat 5: fb10ee2c ($11.11 in chips)
Seat 6: 4c9c42fd ($3.1 in chips)
Hero: posts small blind $0.05
876da9d4: posts big blind $0.1
*** HOLE CARDS ***
Dealt to 1cf6aff6 
Dealt to Hero [3s Kd]
Dealt to 876da9d4 
Dealt to fb10ee2c 
Dealt to 4c9c42fd 
fb10ee2c: folds
4c9c42fd: folds
1cf6aff6: folds
Hero: folds
Uncalled bet ($0.05) returned to 876da9d4
*** SHOWDOWN ***
876da9d4 collected $0.1 from pot
*** SUMMARY ***
Total pot $0.1 | Rake $0 | Jackpot $0 | Bingo $0 | Fortune $0 | Tax $0
Seat 2: 1cf6aff6 (button) folded before Flop (didn't bet)
Seat 3: Hero (small blind) folded before Flop
Seat 4: 876da9d4 (big blind) collected ($0.1)
Seat 5: fb10ee2c folded before Flop (didn't bet)
Seat 6: 4c9c42fd folded before Flop (didn't bet)


Poker Hand #HD1773532028: Hold'em No Limit ($0.05/$0.1) - 2024/05/15 12:20:19
Table 'NLHRed8' 6-max Seat #6 is the button
Seat 2: 1cf6aff6 ($21.66 in chips)
Seat 3: Hero ($22.88 in chips)
Seat 4: 876da9d4 ($3.69 in chips)
Seat 5: fb10ee2c ($11.11 in chips)
Seat 6: 4c9c42fd ($3.4 in chips)
1cf6aff6: posts small blind $0.05
Hero: posts big blind $0.1
*** HOLE CARDS ***
Dealt to 1cf6aff6 
Dealt to Hero [8c Ad]
Dealt to 876da9d4 
Dealt to fb10ee2c 
Dealt to 4c9c42fd 
876da9d4: calls $0.1
fb10ee2c: folds
4c9c42fd: raises $0.2 to $0.3
1cf6aff6: folds
Hero: folds
876da9d4: raises $3.39 to $3.69 and is all-in
4c9c42fd: folds
Uncalled bet ($3.39) returned to 876da9d4
*** SHOWDOWN ***
876da9d4 collected $0.72 from pot
*** SUMMARY ***
Total pot $0.75 | Rake $0.03 | Jackpot $0 | Bingo $0 | Fortune $0 | Tax $0
Seat 2: 1cf6aff6 (small blind) folded before Flop
Seat 3: Hero (big blind) folded before Flop
Seat 4: 876da9d4 collected ($0.72)
Seat 5: fb10ee2c folded before Flop (didn't bet)
Seat 6: 4c9c42fd (button) folded before Flop


Poker Hand #HD1773531982: Hold'em No Limit ($0.05/$0.1) - 2024/05/15 12:20:01
Table 'NLHRed8' 6-max Seat #5 is the button
Seat 2: 1cf6aff6 ($21.76 in chips)
Seat 3: Hero ($22.88 in chips)
Seat 4: 876da9d4 ($3.69 in chips)
Seat 5: fb10ee2c ($10.96 in chips)
Seat 6: 4c9c42fd ($3.45 in chips)
4c9c42fd: posts small blind $0.05
1cf6aff6: posts big blind $0.1
*** HOLE CARDS ***
Dealt to 1cf6aff6 
Dealt to Hero [7c 2h]
Dealt to 876da9d4 
Dealt to fb10ee2c 
Dealt to 4c9c42fd 
Hero: folds
876da9d4: folds
fb10ee2c: raises $0.2 to $0.3
4c9c42fd: folds
1cf6aff6: folds
Uncalled bet ($0.2) returned to fb10ee2c
*** SHOWDOWN ***
fb10ee2c collected $0.25 from pot
*** SUMMARY ***
Total pot $0.25 | Rake $0 | Jackpot $0 | Bingo $0 | Fortune $0 | Tax $0
Seat 2: 1cf6aff6 (big blind) folded before Flop
Seat 3: Hero folded before Flop (didn't bet)
Seat 4: 876da9d4 folded before Flop (didn't bet)
Seat 5: fb10ee2c (button) collected ($0.25)
Seat 6: 4c9c42fd (small blind) folded before Flop


Poker Hand #HD1773531884: Hold'em No Limit ($0.05/$0.1) - 2024/05/15 12:19:15
Table 'NLHRed8' 6-max Seat #4 is the button
Seat 1: 2b93ebba ($15.58 in chips)
Seat 2: 1cf6aff6 ($20.59 in chips)
Seat 3: Hero ($22.88 in chips)
Seat 4: 876da9d4 ($3.69 in chips)
Seat 5: fb10ee2c ($11.94 in chips)
Seat 6: 4c9c42fd ($3.75 in chips)
fb10ee2c: posts small blind $0.05
4c9c42fd: posts big blind $0.1
*** HOLE CARDS ***
Dealt to 2b93ebba 
Dealt to 1cf6aff6 
Dealt to Hero [Jc 9d]
Dealt to 876da9d4 
Dealt to fb10ee2c 
Dealt to 4c9c42fd 
2b93ebba: folds
1cf6aff6: raises $0.2 to $0.3
Hero: folds
876da9d4: folds
fb10ee2c: calls $0.25
4c9c42fd: calls $0.2
*** FLOP *** [7d Ah Qd]
fb10ee2c: checks
4c9c42fd: checks
1cf6aff6: bets $0.68
fb10ee2c: calls $0.68
4c9c42fd: folds
*** TURN *** [7d Ah Qd] [8h]
fb10ee2c: checks
1cf6aff6: bets $2
fb10ee2c: folds
Uncalled bet ($2) returned to 1cf6aff6
*** SHOWDOWN ***
1cf6aff6 collected $2.15 from pot
*** SUMMARY ***
Total pot $2.26 | Rake $0.11 | Jackpot $0 | Bingo $0 | Fortune $0 | Tax $0
Board [7d Ah Qd 8h]
Seat 1: 2b93ebba folded before Flop (didn't bet)
Seat 2: 1cf6aff6 won ($2.15)
Seat 3: Hero folded before Flop (didn't bet)
Seat 4: 876da9d4 (button) folded before Flop (didn't bet)
Seat 5: fb10ee2c (small blind) folded on the Turn
Seat 6: 4c9c42fd (big blind) folded on the Flop


Poker Hand #HD1773531785: Hold'em No Limit ($0.05/$0.1) - 2024/05/15 12:18:27
Table 'NLHRed8' 6-max Seat #3 is the button
Seat 1: 2b93ebba ($15.58 in chips)
Seat 2: 1cf6aff6 ($20.59 in chips)
Seat 3: Hero ($22.88 in chips)
Seat 4: 876da9d4 ($3.89 in chips)
Seat 5: fb10ee2c ($12.14 in chips)
Seat 6: 4c9c42fd ($3.38 in chips)
876da9d4: posts small blind $0.05
fb10ee2c: posts big blind $0.1
*** HOLE CARDS ***
Dealt to 2b93ebba 
Dealt to 1cf6aff6 
Dealt to Hero [Th Ad]
Dealt to 876da9d4 
Dealt to fb10ee2c 
Dealt to 4c9c42fd 
4c9c42fd: raises $0.1 to $0.2
2b93ebba: folds
1cf6aff6: folds
Hero: folds
876da9d4: calls $0.15
fb10ee2c: calls $0.1
*** FLOP *** [3h Qh Js]
876da9d4: checks
fb10ee2c: checks
4c9c42fd: bets $0.2
876da9d4: folds
fb10ee2c: folds
Uncalled bet ($0.2) returned to 4c9c42fd
*** SHOWDOWN ***
4c9c42fd collected $0.57 from pot
*** SUMMARY ***
Total pot $0.6 | Rake $0.03 | Jackpot $0 | Bingo $0 | Fortune $0 | Tax $0
Board [3h Qh Js]
Seat 1: 2b93ebba folded before Flop (didn't bet)
Seat 2: 1cf6aff6 folded before Flop (didn't bet)
Seat 3: Hero (button) folded before Flop (didn't bet)
Seat 4: 876da9d4 (small blind) folded on the Flop
Seat 5: fb10ee2c (big blind) folded on the Flop
Seat 6: 4c9c42fd won ($0.57)


Poker Hand #HD1773531685: Hold'em No Limit ($0.05/$0.1) - 2024/05/15 12:17:42
Table 'NLHRed8' 6-max Seat #2 is the button
Seat 1: 2b93ebba ($15.58 in chips)
Seat 2: 1cf6aff6 ($20.59 in chips)
Seat 3: Hero ($22.93 in chips)
Seat 4: 876da9d4 ($3.99 in chips)
Seat 5: fb10ee2c ($11.39 in chips)
Seat 6: 4c9c42fd ($4.06 in chips)
Hero: posts small blind $0.05
876da9d4: posts big blind $0.1
*** HOLE CARDS ***
Dealt to 2b93ebba 
Dealt to 1cf6aff6 
Dealt to Hero [9d 8c]
Dealt to 876da9d4 
Dealt to fb10ee2c 
Dealt to 4c9c42fd 
fb10ee2c: raises $0.2 to $0.3
4c9c42fd: calls $0.3
2b93ebba: folds
1cf6aff6: folds
Hero: folds
876da9d4: folds
*** FLOP *** [4d Ad 2d]
fb10ee2c: bets $0.38
4c9c42fd: calls $0.38
*** TURN *** [4d Ad 2d] [Th]
fb10ee2c: bets $0.76
4c9c42fd: folds
Uncalled bet ($0.76) returned to fb10ee2c
*** SHOWDOWN ***
fb10ee2c collected $1.44 from pot
*** SUMMARY ***
Total pot $1.51 | Rake $0.07 | Jackpot $0 | Bingo $0 | Fortune $0 | Tax $0.01
Board [4d Ad 2d Th]
Seat 1: 2b93ebba folded before Flop (didn't bet)
Seat 2: 1cf6aff6 (button) folded before Flop (didn't bet)
Seat 3: Hero (small blind) folded before Flop
Seat 4: 876da9d4 (big blind) folded before Flop
Seat 5: fb10ee2c won ($1.44)
Seat 6: 4c9c42fd folded on the Turn


Poker Hand #HD1773531664: Hold'em No Limit ($0.05/$0.1) - 2024/05/15 12:17:31
Table 'NLHRed8' 6-max Seat #1 is the button
Seat 1: 2b93ebba ($15.58 in chips)
Seat 2: 1cf6aff6 ($20.64 in chips)
Seat 3: Hero ($23.03 in chips)
Seat 5: fb10ee2c ($11.39 in chips)
Seat 6: 4c9c42fd ($3.91 in chips)
1cf6aff6: posts small blind $0.05
Hero: posts big blind $0.1
*** HOLE CARDS ***
Dealt to 2b93ebba 
Dealt to 1cf6aff6 
Dealt to Hero [Ts 4h]
Dealt to fb10ee2c 
Dealt to 4c9c42fd 
fb10ee2c: folds
4c9c42fd: raises $0.1 to $0.2
2b93ebba: folds
1cf6aff6: folds
Hero: folds
Uncalled bet ($0.1) returned to 4c9c42fd
*** SHOWDOWN ***
4c9c42fd collected $0.25 from pot
*** SUMMARY ***
Total pot $0.25 | Rake $0 | Jackpot $0 | Bingo $0 | Fortune $0 | Tax $0
Seat 1: 2b93ebba (button) folded before Flop (didn't bet)
Seat 2: 1cf6aff6 (small blind) folded before Flop
Seat 3: Hero (big blind) folded before Flop
Seat 5: fb10ee2c folded before Flop (didn't bet)
Seat 6: 4c9c42fd collected ($0.25)


Poker Hand #HD1773531638: Hold'em No Limit ($0.05/$0.1) - 2024/05/15 12:17:16
Table 'NLHRed8' 6-max Seat #6 is the button
Seat 1: 2b93ebba ($15.48 in chips)
Seat 2: 1cf6aff6 ($20.74 in chips)
Seat 3: Hero ($23.03 in chips)
Seat 5: fb10ee2c ($11.39 in chips)
Seat 6: 4c9c42fd ($3.91 in chips)
2b93ebba: posts small blind $0.05
1cf6aff6: posts big blind $0.1
*** HOLE CARDS ***
Dealt to 2b93ebba 
Dealt to 1cf6aff6 
Dealt to Hero [5c 8d]
Dealt to fb10ee2c 
Dealt to 4c9c42fd 
Hero: folds
fb10ee2c: folds
4c9c42fd: folds
2b93ebba: raises $0.2 to $0.3
1cf6aff6: folds
Uncalled bet ($0.2) returned to 2b93ebba
*** SHOWDOWN ***
2b93ebba collected $0.2 from pot
*** SUMMARY ***
Total pot $0.2 | Rake $0 | Jackpot $0 | Bingo $0 | Fortune $0 | Tax $0
Seat 1: 2b93ebba (small blind) collected ($0.2)
Seat 2: 1cf6aff6 (big blind) folded before Flop
Seat 3: Hero folded before Flop (didn't bet)
Seat 5: fb10ee2c folded before Flop (didn't bet)
Seat 6: 4c9c42fd (button) folded before Flop (didn't bet)


Poker Hand #HD1773531614: Hold'em No Limit ($0.05/$0.1) - 2024/05/15 12:17:04
Table 'NLHRed8' 6-max Seat #5 is the button
Seat 1: 2b93ebba ($15.58 in chips)
Seat 2: 1cf6aff6 ($20.74 in chips)
Seat 3: Hero ($23.03 in chips)
Seat 5: fb10ee2c ($11.24 in chips)
Seat 6: 4c9c42fd ($3.96 in chips)
4c9c42fd: posts small blind $0.05
2b93ebba: posts big blind $0.1
*** HOLE CARDS ***
Dealt to 2b93ebba 
Dealt to 1cf6aff6 
Dealt to Hero [Qs 8h]
Dealt to fb10ee2c 
Dealt to 4c9c42fd 
1cf6aff6: folds
Hero: folds
fb10ee2c: raises $0.2 to $0.3
4c9c42fd: folds
2b93ebba: folds
Uncalled bet ($0.2) returned to fb10ee2c
*** SHOWDOWN ***
fb10ee2c collected $0.25 from pot
*** SUMMARY ***
Total pot $0.25 | Rake $0 | Jackpot $0 | Bingo $0 | Fortune $0 | Tax $0
Seat 1: 2b93ebba (big blind) folded before Flop
Seat 2: 1cf6aff6 folded before Flop (didn't bet)
Seat 3: Hero folded before Flop (didn't bet)
Seat 5: fb10ee2c (button) collected ($0.25)
Seat 6: 4c9c42fd (small blind) folded before Flop


Poker Hand #HD1773531459: Hold'em No Limit ($0.05/$0.1) - 2024/05/15 12:15:50
Table 'NLHRed8' 6-max Seat #3 is the button
Seat 1: 2b93ebba ($15.58 in chips)
Seat 2: 1cf6aff6 ($20.27 in chips)
Seat 3: Hero ($23.03 in chips)
Seat 5: fb10ee2c ($11.49 in chips)
Seat 6: 4c9c42fd ($4.21 in chips)
fb10ee2c: posts small blind $0.05
4c9c42fd: posts big blind $0.1
*** HOLE CARDS ***
Dealt to 2b93ebba 
Dealt to 1cf6aff6 
Dealt to Hero [3c 2c]
Dealt to fb10ee2c 
Dealt to 4c9c42fd 
2b93ebba: folds
1cf6aff6: raises $0.15 to $0.25
Hero: folds
fb10ee2c: calls $0.2
4c9c42fd: calls $0.15
*** FLOP *** [2d 3h 9h]
fb10ee2c: checks
4c9c42fd: checks
1cf6aff6: checks
*** TURN *** [2d 3h 9h] [5h]
fb10ee2c: checks
4c9c42fd: checks
1cf6aff6: bets $0.57
fb10ee2c: folds
4c9c42fd: folds
Uncalled bet ($0.57) returned to 1cf6aff6
*** SHOWDOWN ***
1cf6aff6 collected $0.72 from pot
*** SUMMARY ***
Total pot $0.75 | Rake $0.03 | Jackpot $0 | Bingo $0 | Fortune $0 | Tax $0
Board [2d 3h 9h 5h]
Seat 1: 2b93ebba folded before Flop (didn't bet)
Seat 2: 1cf6aff6 won ($0.72)
Seat 3: Hero (button) folded before Flop (didn't bet)
Seat 5: fb10ee2c (small blind) folded on the Turn
Seat 6: 4c9c42fd (big blind) folded on the Turn


Poker Hand #HD1773531386: Hold'em No Limit ($0.05/$0.1) - 2024/05/15 12:15:10
Table 'NLHRed8' 6-max Seat #2 is the button
Seat 1: 2b93ebba ($15.58 in chips)
Seat 2: 1cf6aff6 ($20.27 in chips)
Seat 3: Hero ($23.08 in chips)
Seat 4: 876da9d4 ($2.01 in chips)
Seat 5: fb10ee2c ($9.74 in chips)
Hero: posts small blind $0.05
876da9d4: posts big blind $0.1
*** HOLE CARDS ***
Dealt to 2b93ebba 
Dealt to 1cf6aff6 
Dealt to Hero [7d 7c]
Dealt to 876da9d4 
Dealt to fb10ee2c 
fb10ee2c: raises $0.2 to $0.3
2b93ebba: folds
1cf6aff6: folds
Hero: folds
876da9d4: raises $0.2 to $0.5
fb10ee2c: calls $0.2
*** FLOP *** [2s 6s Qh]
876da9d4: bets $0.79
fb10ee2c: raises $2.63 to $3.42
876da9d4: calls $0.72 and is all-in
Uncalled bet ($1.91) returned to fb10ee2c
fb10ee2c: shows [5d Qd] (Pair of Queens)
876da9d4: shows [Ah Kc] (Ace-High)
*** TURN *** [2s 6s Qh] [3s]
*** RIVER *** [2s 6s Qh 3s] [5s]
*** SHOWDOWN ***
fb10ee2c collected $3.76 from pot
*** SUMMARY ***
Total pot $4.07 | Rake $0.19 | Jackpot $0.1 | Bingo $0 | Fortune $0 | Tax $0.02
Board [2s 6s Qh 3s 5s]
Seat 1: 2b93ebba folded before Flop (didn't bet)
Seat 2: 1cf6aff6 (button) folded before Flop (didn't bet)
Seat 3: Hero (small blind) folded before Flop
Seat 4: 876da9d4 (big blind) showed [Ah Kc] and lost with Ace-High
Seat 5: fb10ee2c showed [5d Qd] and won ($3.76) with Pair of Queens and Pair of Fives


Poker Hand #HD1773531310: Hold'em No Limit ($0.05/$0.1) - 2024/05/15 12:14:34
Table 'NLHRed8' 6-max Seat #1 is the button
Seat 1: 2b93ebba ($15.58 in chips)
Seat 2: 1cf6aff6 ($20.47 in chips)
Seat 3: Hero ($23.18 in chips)
Seat 4: 876da9d4 ($1.73 in chips)
Seat 5: fb10ee2c ($9.74 in chips)
Seat 6: 4c9c42fd ($4.21 in chips)
1cf6aff6: posts small blind $0.05
Hero: posts big blind $0.1
*** HOLE CARDS ***
Dealt to 2b93ebba 
Dealt to 1cf6aff6 
Dealt to Hero [8s 6s]
Dealt to 876da9d4 
Dealt to fb10ee2c 
Dealt to 4c9c42fd 
876da9d4: raises $0.1 to $0.2
fb10ee2c: folds
4c9c42fd: folds
2b93ebba: folds
1cf6aff6: calls $0.15
Hero: folds
*** FLOP *** [8d Kc 3s]
1cf6aff6: checks
876da9d4: bets $0.5
1cf6aff6: folds
Uncalled bet ($0.5) returned to 876da9d4
*** SHOWDOWN ***
876da9d4 collected $0.48 from pot
*** SUMMARY ***
Total pot $0.5 | Rake $0.02 | Jackpot $0 | Bingo $0 | Fortune $0 | Tax $0
Board [8d Kc 3s]
Seat 1: 2b93ebba (button) folded before Flop (didn't bet)
Seat 2: 1cf6aff6 (small blind) folded on the Flop
Seat 3: Hero (big blind) folded before Flop
Seat 4: 876da9d4 won ($0.48)
Seat 5: fb10ee2c folded before Flop (didn't bet)
Seat 6: 4c9c42fd folded before Flop (didn't bet)


Poker Hand #HD1773531228: Hold'em No Limit ($0.05/$0.1) - 2024/05/15 12:13:52
Table 'NLHRed8' 6-max Seat #6 is the button
Seat 1: 2b93ebba ($15.63 in chips)
Seat 2: 1cf6aff6 ($20.46 in chips)
Seat 3: Hero ($23.18 in chips)
Seat 4: 876da9d4 ($1.73 in chips)
Seat 5: fb10ee2c ($9.74 in chips)
Seat 6: 4c9c42fd ($4.21 in chips)
2b93ebba: posts small blind $0.05
1cf6aff6: posts big blind $0.1
*** HOLE CARDS ***
Dealt to 2b93ebba 
Dealt to 1cf6aff6 
Dealt to Hero [Qs 5s]
Dealt to 876da9d4 
Dealt to fb10ee2c 
Dealt to 4c9c42fd 
Hero: folds
876da9d4: folds
fb10ee2c: raises $0.2 to $0.3
4c9c42fd: folds
2b93ebba: folds
1cf6aff6: calls $0.2
*** FLOP *** [3h Qd 6c]
1cf6aff6: checks
fb10ee2c: checks
*** TURN *** [3h Qd 6c] [Jd]
1cf6aff6: bets $0.22
fb10ee2c: calls $0.22
*** RIVER *** [3h Qd 6c Jd] [Qh]
1cf6aff6: checks
fb10ee2c: checks
1cf6aff6: shows [Js Tc] (Pair of Queens and Pair of Jacks)
fb10ee2c: shows [Td Jh] (Pair of Queens and Pair of Jacks)
*** SHOWDOWN ***
1cf6aff6 collected $0.53 from pot
fb10ee2c collected $0.52 from pot
*** SUMMARY ***
Total pot $1.09 | Rake $0.04 | Jackpot $0 | Bingo $0 | Fortune $0 | Tax $0
Board [3h Qd 6c Jd Qh]
Seat 1: 2b93ebba (small blind) folded before Flop
Seat 2: 1cf6aff6 (big blind) showed [Js Tc] and won ($0.53) with Pair of Queens and Pair of Jacks
Seat 3: Hero folded before Flop (didn't bet)
Seat 4: 876da9d4 folded before Flop (didn't bet)
Seat 5: fb10ee2c showed [Td Jh] and won ($0.52) with Pair of Queens and Pair of Jacks
Seat 6: 4c9c42fd (button) folded before Flop (didn't bet)


Poker Hand #HD1773531140: Hold'em No Limit ($0.05/$0.1) - 2024/05/15 12:13:08
Table 'NLHRed8' 6-max Seat #5 is the button
Seat 1: 2b93ebba ($12.4 in chips)
Seat 2: 1cf6aff6 ($20.46 in chips)
Seat 3: Hero ($23.18 in chips)
Seat 4: 876da9d4 ($1.73 in chips)
Seat 5: fb10ee2c ($13.38 in chips)
Seat 6: 4c9c42fd ($4.26 in chips)
4c9c42fd: posts small blind $0.05
2b93ebba: posts big blind $0.1
*** HOLE CARDS ***
Dealt to 2b93ebba 
Dealt to 1cf6aff6 
Dealt to Hero [Js 6d]
Dealt to 876da9d4 
Dealt to fb10ee2c 
Dealt to 4c9c42fd 
1cf6aff6: folds
Hero: folds
876da9d4: folds
fb10ee2c: raises $0.2 to $0.3
4c9c42fd: folds
2b93ebba: raises $1 to $1.3
fb10ee2c: calls $1
*** FLOP *** [9d 5s 8c]
2b93ebba: bets $0.88
fb10ee2c: calls $0.88
*** TURN *** [9d 5s 8c] [Kc]
2b93ebba: checks
fb10ee2c: bets $1.46
2b93ebba: calls $1.46
*** RIVER *** [9d 5s 8c Kc] [As]
2b93ebba: checks
fb10ee2c: checks
2b93ebba: shows [Qd Qh] (Pair of Queens)
fb10ee2c: shows [Jc 9c] (Pair of Nines)
*** SHOWDOWN ***
2b93ebba collected $6.87 from pot
*** SUMMARY ***
Total pot $7.33 | Rake $0.36 | Jackpot $0.1 | Bingo $0 | Fortune $0 | Tax $0
Board [9d 5s 8c Kc As]
Seat 1: 2b93ebba (big blind) showed [Qd Qh] and won ($6.87) with Pair of Queens
Seat 2: 1cf6aff6 folded before Flop (didn't bet)
Seat 3: Hero folded before Flop (didn't bet)
Seat 4: 876da9d4 folded before Flop (didn't bet)
Seat 5: fb10ee2c (button) showed [Jc 9c] and lost with Pair of Nines
Seat 6: 4c9c42fd (small blind) folded before Flop


Poker Hand #HD1773530999: Hold'em No Limit ($0.05/$0.1) - 2024/05/15 12:12:01
Table 'NLHRed8' 6-max Seat #4 is the button
Seat 1: 2b93ebba ($12.4 in chips)
Seat 2: 1cf6aff6 ($20.46 in chips)
Seat 3: Hero ($22.32 in chips)
Seat 4: 876da9d4 ($1.97 in chips)
Seat 5: fb10ee2c ($13.62 in chips)
Seat 6: 4c9c42fd ($4.7 in chips)
fb10ee2c: posts small blind $0.05
4c9c42fd: posts big blind $0.1
*** HOLE CARDS ***
Dealt to 2b93ebba 
Dealt to 1cf6aff6 
Dealt to Hero [Ks Qh]
Dealt to 876da9d4 
Dealt to fb10ee2c 
Dealt to 4c9c42fd 
2b93ebba: folds
1cf6aff6: folds
Hero: raises $0.14 to $0.24
876da9d4: calls $0.24
fb10ee2c: calls $0.19
4c9c42fd: calls $0.14
*** FLOP *** [Th 6c Ad]
fb10ee2c: checks
4c9c42fd: checks
Hero: bets $0.2
876da9d4: folds
fb10ee2c: folds
4c9c42fd: calls $0.2
*** TURN *** [Th 6c Ad] [4h]
4c9c42fd: checks
Hero: checks
*** RIVER *** [Th 6c Ad 4h] [7h]
4c9c42fd: checks
Hero: bets $0.7
4c9c42fd: folds
Uncalled bet ($0.7) returned to Hero
*** SHOWDOWN ***
Hero collected $1.3 from pot
*** SUMMARY ***
Total pot $1.36 | Rake $0.06 | Jackpot $0 | Bingo $0 | Fortune $0 | Tax $0
Board [Th 6c Ad 4h 7h]
Seat 1: 2b93ebba folded before Flop (didn't bet)
Seat 2: 1cf6aff6 folded before Flop (didn't bet)
Seat 3: Hero won ($1.3)
Seat 4: 876da9d4 (button) folded on the Flop
Seat 5: fb10ee2c (small blind) folded on the Flop
Seat 6: 4c9c42fd (big blind) folded on the River


Poker Hand #HD1773530931: Hold'em No Limit ($0.05/$0.1) - 2024/05/15 12:11:25
Table 'NLHRed8' 6-max Seat #3 is the button
Seat 1: 2b93ebba ($12.7 in chips)
Seat 2: 1cf6aff6 ($20.46 in chips)
Seat 3: Hero ($22.32 in chips)
Seat 4: 876da9d4 ($2.27 in chips)
Seat 5: fb10ee2c ($13.06 in chips)
Seat 6: 4c9c42fd ($4.7 in chips)
876da9d4: posts small blind $0.05
fb10ee2c: posts big blind $0.1
*** HOLE CARDS ***
Dealt to 2b93ebba 
Dealt to 1cf6aff6 
Dealt to Hero [4h 2c]
Dealt to 876da9d4 
Dealt to fb10ee2c 
Dealt to 4c9c42fd 
4c9c42fd: folds
2b93ebba: raises $0.2 to $0.3
1cf6aff6: folds
Hero: folds
876da9d4: calls $0.25
fb10ee2c: raises $0.9 to $1.2
2b93ebba: folds
876da9d4: folds
Uncalled bet ($0.9) returned to fb10ee2c
*** SHOWDOWN ***
fb10ee2c collected $0.86 from pot
*** SUMMARY ***
Total pot $0.9 | Rake $0.04 | Jackpot $0 | Bingo $0 | Fortune $0 | Tax $0
Seat 1: 2b93ebba folded before Flop
Seat 2: 1cf6aff6 folded before Flop (didn't bet)
Seat 3: Hero (button) folded before Flop (didn't bet)
Seat 4: 876da9d4 (small blind) folded before Flop
Seat 5: fb10ee2c (big blind) collected ($0.86)
Seat 6: 4c9c42fd folded before Flop (didn't bet)


Poker Hand #HD1773530839: Hold'em No Limit ($0.05/$0.1) - 2024/05/15 12:10:47
Table 'NLHRed8' 6-max Seat #2 is the button
Seat 1: 2b93ebba ($12.7 in chips)
Seat 2: 1cf6aff6 ($20.46 in chips)
Seat 3: Hero ($22.62 in chips)
Seat 4: 876da9d4 ($2 in chips)
Seat 5: fb10ee2c ($13.06 in chips)
Seat 6: 4c9c42fd ($4.7 in chips)
Hero: posts small blind $0.05
876da9d4: posts big blind $0.1
*** HOLE CARDS ***
Dealt to 2b93ebba 
Dealt to 1cf6aff6 
Dealt to Hero [Qs 5s]
Dealt to 876da9d4 
Dealt to fb10ee2c 
Dealt to 4c9c42fd 
fb10ee2c: folds
4c9c42fd: folds
2b93ebba: folds
1cf6aff6: folds
Hero: raises $0.2 to $0.3
876da9d4: calls $0.2
*** FLOP *** [Kc Ks 9d]
Hero: checks
876da9d4: checks
*** TURN *** [Kc Ks 9d] [6d]
Hero: checks
876da9d4: checks
*** RIVER *** [Kc Ks 9d 6d] [9c]
Hero: checks
876da9d4: bets $0.45
Hero: folds
Uncalled bet ($0.45) returned to 876da9d4
*** SHOWDOWN ***
876da9d4 collected $0.57 from pot
*** SUMMARY ***
Total pot $0.6 | Rake $0.03 | Jackpot $0 | Bingo $0 | Fortune $0 | Tax $0
Board [Kc Ks 9d 6d 9c]
Seat 1: 2b93ebba folded before Flop (didn't bet)
Seat 2: 1cf6aff6 (button) folded before Flop (didn't bet)
Seat 3: Hero (small blind) folded on the River
Seat 4: 876da9d4 (big blind) won ($0.57)
Seat 5: fb10ee2c folded before Flop (didn't bet)
Seat 6: 4c9c42fd folded before Flop (didn't bet)


Poker Hand #HD1773530824: Hold'em No Limit ($0.05/$0.1) - 2024/05/15 12:10:37
Table 'NLHRed8' 6-max Seat #1 is the button
Seat 1: 2b93ebba ($12.55 in chips)
Seat 2: 1cf6aff6 ($20.51 in chips)
Seat 3: Hero ($22.72 in chips)
Seat 5: fb10ee2c ($13.06 in chips)
Seat 6: 4c9c42fd ($4.7 in chips)
1cf6aff6: posts small blind $0.05
Hero: posts big blind $0.1
*** HOLE CARDS ***
Dealt to 2b93ebba 
Dealt to 1cf6aff6 
Dealt to Hero [7c 6h]
Dealt to fb10ee2c 
Dealt to 4c9c42fd 
fb10ee2c: folds
4c9c42fd: folds
2b93ebba: raises $0.2 to $0.3
1cf6aff6: folds
Hero: folds
Uncalled bet ($0.2) returned to 2b93ebba
*** SHOWDOWN ***
2b93ebba collected $0.25 from pot
*** SUMMARY ***
Total pot $0.25 | Rake $0 | Jackpot $0 | Bingo $0 | Fortune $0 | Tax $0
Seat 1: 2b93ebba (button) collected ($0.25)
Seat 2: 1cf6aff6 (small blind) folded before Flop
Seat 3: Hero (big blind) folded before Flop
Seat 5: fb10ee2c folded before Flop (didn't bet)
Seat 6: 4c9c42fd folded before Flop (didn't bet)


Poker Hand #HD1773530763: Hold'em No Limit ($0.05/$0.1) - 2024/05/15 12:10:07
Table 'NLHRed8' 6-max Seat #6 is the button
Seat 1: 2b93ebba ($12.6 in chips)
Seat 2: 1cf6aff6 ($20.81 in chips)
Seat 3: Hero ($22.72 in chips)
Seat 5: fb10ee2c ($12.74 in chips)
Seat 6: 4c9c42fd ($4.7 in chips)
2b93ebba: posts small blind $0.05
1cf6aff6: posts big blind $0.1
*** HOLE CARDS ***
Dealt to 2b93ebba 
Dealt to 1cf6aff6 
Dealt to Hero [8d As]
Dealt to fb10ee2c 
Dealt to 4c9c42fd 
Hero: folds
fb10ee2c: raises $0.2 to $0.3
4c9c42fd: folds
2b93ebba: folds
1cf6aff6: calls $0.2
*** FLOP *** [4s 9s 9c]
1cf6aff6: checks
fb10ee2c: checks
*** TURN *** [4s 9s 9c] [Th]
1cf6aff6: checks
fb10ee2c: bets $0.33
1cf6aff6: folds
Uncalled bet ($0.33) returned to fb10ee2c
*** SHOWDOWN ***
fb10ee2c collected $0.62 from pot
*** SUMMARY ***
Total pot $0.65 | Rake $0.03 | Jackpot $0 | Bingo $0 | Fortune $0 | Tax $0
Board [4s 9s 9c Th]
Seat 1: 2b93ebba (small blind) folded before Flop
Seat 2: 1cf6aff6 (big blind) folded on the Turn
Seat 3: Hero folded before Flop (didn't bet)
Seat 5: fb10ee2c won ($0.62)
Seat 6: 4c9c42fd (button) folded before Flop (didn't bet)


Poker Hand #HD1773530746: Hold'em No Limit ($0.05/$0.1) - 2024/05/15 12:09:56
Table 'NLHRed8' 6-max Seat #5 is the button
Seat 1: 2b93ebba ($12.55 in chips)
Seat 2: 1cf6aff6 ($20.81 in chips)
Seat 3: Hero ($22.72 in chips)
Seat 5: fb10ee2c ($12.74 in chips)
Seat 6: 4c9c42fd ($4.75 in chips)
4c9c42fd: posts small blind $0.05
2b93ebba: posts big blind $0.1
*** HOLE CARDS ***
Dealt to 2b93ebba 
Dealt to 1cf6aff6 
Dealt to Hero [6c 3d]
Dealt to fb10ee2c 
Dealt to 4c9c42fd 
1cf6aff6: folds
Hero: folds
fb10ee2c: folds
4c9c42fd: folds
Uncalled bet ($0.05) returned to 2b93ebba
*** SHOWDOWN ***
2b93ebba collected $0.1 from pot
*** SUMMARY ***
Total pot $0.1 | Rake $0 | Jackpot $0 | Bingo $0 | Fortune $0 | Tax $0
Seat 1: 2b93ebba (big blind) collected ($0.1)
Seat 2: 1cf6aff6 folded before Flop (didn't bet)
Seat 3: Hero folded before Flop (didn't bet)
Seat 5: fb10ee2c (button) folded before Flop (didn't bet)
Seat 6: 4c9c42fd (small blind) folded before Flop


Poker Hand #HD1773530714: Hold'em No Limit ($0.05/$0.1) - 2024/05/15 12:09:41
Table 'NLHRed8' 6-max Seat #4 is the button
Seat 1: 2b93ebba ($12.55 in chips)
Seat 2: 1cf6aff6 ($20.81 in chips)
Seat 3: Hero ($22.72 in chips)
Seat 4: bdc10493 ($7.25 in chips)
Seat 5: fb10ee2c ($12.64 in chips)
Seat 6: 4c9c42fd ($4.85 in chips)
fb10ee2c: posts small blind $0.05
4c9c42fd: posts big blind $0.1
*** HOLE CARDS ***
Dealt to 2b93ebba 
Dealt to 1cf6aff6 
Dealt to Hero [As 2h]
Dealt to bdc10493 
Dealt to fb10ee2c 
Dealt to 4c9c42fd 
2b93ebba: folds
1cf6aff6: folds
Hero: folds
bdc10493: folds
fb10ee2c: raises $0.2 to $0.3
4c9c42fd: folds
Uncalled bet ($0.2) returned to fb10ee2c
*** SHOWDOWN ***
fb10ee2c collected $0.2 from pot
*** SUMMARY ***
Total pot $0.2 | Rake $0 | Jackpot $0 | Bingo $0 | Fortune $0 | Tax $0
Seat 1: 2b93ebba folded before Flop (didn't bet)
Seat 2: 1cf6aff6 folded before Flop (didn't bet)
Seat 3: Hero folded before Flop (didn't bet)
Seat 4: bdc10493 (button) folded before Flop (didn't bet)
Seat 5: fb10ee2c (small blind) collected ($0.2)
Seat 6: 4c9c42fd (big blind) folded before Flop


Poker Hand #HD1773530697: Hold'em No Limit ($0.05/$0.1) - 2024/05/15 12:09:33
Table 'NLHRed8' 6-max Seat #3 is the button
Seat 1: 2b93ebba ($12.55 in chips)
Seat 2: 1cf6aff6 ($20.81 in chips)
Seat 3: Hero ($22.72 in chips)
Seat 4: bdc10493 ($7.3 in chips)
Seat 5: fb10ee2c ($12.59 in chips)
Seat 6: 4c9c42fd ($4.85 in chips)
bdc10493: posts small blind $0.05
fb10ee2c: posts big blind $0.1
*** HOLE CARDS ***
Dealt to 2b93ebba 
Dealt to 1cf6aff6 
Dealt to Hero [3s Kd]
Dealt to bdc10493 
Dealt to fb10ee2c 
Dealt to 4c9c42fd 
4c9c42fd: folds
2b93ebba: folds
1cf6aff6: folds
Hero: folds
bdc10493: folds
Uncalled bet ($0.05) returned to fb10ee2c
*** SHOWDOWN ***
fb10ee2c collected $0.1 from pot
*** SUMMARY ***
Total pot $0.1 | Rake $0 | Jackpot $0 | Bingo $0 | Fortune $0 | Tax $0
Seat 1: 2b93ebba folded before Flop (didn't bet)
Seat 2: 1cf6aff6 folded before Flop (didn't bet)
Seat 3: Hero (button) folded before Flop (didn't bet)
Seat 4: bdc10493 (small blind) folded before Flop
Seat 5: fb10ee2c (big blind) collected ($0.1)
Seat 6: 4c9c42fd folded before Flop (didn't bet)


Poker Hand #HD1773530596: Hold'em No Limit ($0.05/$0.1) - 2024/05/15 12:08:45
Table 'NLHRed8' 6-max Seat #2 is the button
Seat 1: 2b93ebba ($12.55 in chips)
Seat 2: 1cf6aff6 ($20.81 in chips)
Seat 3: Hero ($22.77 in chips)
Seat 4: bdc10493 ($9.79 in chips)
Seat 5: fb10ee2c ($10.42 in chips)
Seat 6: 4c9c42fd ($4.85 in chips)
Hero: posts small blind $0.05
bdc10493: posts big blind $0.1
*** HOLE CARDS ***
Dealt to 2b93ebba 
Dealt to 1cf6aff6 
Dealt to Hero [Qc 3s]
Dealt to bdc10493 
Dealt to fb10ee2c 
Dealt to 4c9c42fd 
fb10ee2c: raises $0.2 to $0.3
4c9c42fd: folds
2b93ebba: folds
1cf6aff6: folds
Hero: folds
bdc10493: raises $0.3 to $0.6
fb10ee2c: calls $0.3
*** FLOP *** [3h Th 6c]
bdc10493: bets $0.63
fb10ee2c: calls $0.63
*** TURN *** [3h Th 6c] [5d]
bdc10493: bets $1.26
fb10ee2c: calls $1.26
*** RIVER *** [3h Th 6c 5d] [4h]
bdc10493: checks
fb10ee2c: checks
bdc10493: shows [8h 8s] (Pair of Eights)
fb10ee2c: shows [Jd Tc] (Pair of Tens)
*** SHOWDOWN ***
fb10ee2c collected $4.66 from pot
*** SUMMARY ***
Total pot $5.03 | Rake $0.24 | Jackpot $0.1 | Bingo $0 | Fortune $0 | Tax $0.03
Board [3h Th 6c 5d 4h]
Seat 1: 2b93ebba folded before Flop (didn't bet)
Seat 2: 1cf6aff6 (button) folded before Flop (didn't bet)
Seat 3: Hero (small blind) folded before Flop
Seat 4: bdc10493 (big blind) showed [8h 8s] and lost with Pair of Eights
Seat 5: fb10ee2c showed [Jd Tc] and won ($4.66) with Pair of Tens
Seat 6: 4c9c42fd folded before Flop (didn't bet)


Poker Hand #HD1773530520: Hold'em No Limit ($0.05/$0.1) - 2024/05/15 12:08:11
Table 'NLHRed8' 6-max Seat #1 is the button
Seat 1: 2b93ebba ($12.55 in chips)
Seat 2: 1cf6aff6 ($20.86 in chips)
Seat 3: Hero ($22.87 in chips)
Seat 4: bdc10493 ($9.65 in chips)
Seat 5: fb10ee2c ($10.42 in chips)
Seat 6: 4c9c42fd ($4.85 in chips)
1cf6aff6: posts small blind $0.05
Hero: posts big blind $0.1
*** HOLE CARDS ***
Dealt to 2b93ebba 
Dealt to 1cf6aff6 
Dealt to Hero [2c 9h]
Dealt to bdc10493 
Dealt to fb10ee2c 
Dealt to 4c9c42fd 
bdc10493: calls $0.1
fb10ee2c: folds
4c9c42fd: folds
2b93ebba: folds
1cf6aff6: folds
Hero: checks
*** FLOP *** [Ac 3d As]
Hero: checks
bdc10493: checks
*** TURN *** [Ac 3d As] [4h]
Hero: checks
bdc10493: bets $0.1
Hero: folds
Uncalled bet ($0.1) returned to bdc10493
*** SHOWDOWN ***
bdc10493 collected $0.24 from pot
*** SUMMARY ***
Total pot $0.25 | Rake $0.01 | Jackpot $0 | Bingo $0 | Fortune $0 | Tax $0
Board [Ac 3d As 4h]
Seat 1: 2b93ebba (button) folded before Flop (didn't bet)
Seat 2: 1cf6aff6 (small blind) folded before Flop
Seat 3: Hero (big blind) folded on the Turn
Seat 4: bdc10493 won ($0.24)
Seat 5: fb10ee2c folded before Flop (didn't bet)
Seat 6: 4c9c42fd folded before Flop (didn't bet)


Poker Hand #HD1773530403: Hold'em No Limit ($0.05/$0.1) - 2024/05/15 12:07:22
Table 'NLHRed8' 6-max Seat #6 is the button
Seat 1: 2b93ebba ($12.6 in chips)
Seat 2: 1cf6aff6 ($21.96 in chips)
Seat 3: Hero ($21.64 in chips)
Seat 4: bdc10493 ($9.85 in chips)
Seat 5: fb10ee2c ($10.42 in chips)
Seat 6: 4c9c42fd ($4.85 in chips)
2b93ebba: posts small blind $0.05
1cf6aff6: posts big blind $0.1
*** HOLE CARDS ***
Dealt to 2b93ebba 
Dealt to 1cf6aff6 
Dealt to Hero [Ac Kc]
Dealt to bdc10493 
Dealt to fb10ee2c 
Dealt to 4c9c42fd 
Hero: raises $0.1 to $0.2
bdc10493: calls $0.2
fb10ee2c: folds
4c9c42fd: folds
2b93ebba: folds
1cf6aff6: raises $0.9 to $1.1
Hero: raises $1.6 to $2.7
bdc10493: folds
1cf6aff6: folds
Uncalled bet ($1.6) returned to Hero
*** SHOWDOWN ***
Hero collected $2.33 from pot
*** SUMMARY ***
Total pot $2.45 | Rake $0.12 | Jackpot $0 | Bingo $0 | Fortune $0 | Tax $0
Seat 1: 2b93ebba (small blind) folded before Flop
Seat 2: 1cf6aff6 (big blind) folded before Flop
Seat 3: Hero collected ($2.33)
Seat 4: bdc10493 folded before Flop
Seat 5: fb10ee2c folded before Flop (didn't bet)
Seat 6: 4c9c42fd (button) folded before Flop (didn't bet)


Poker Hand #HD1773530368: Hold'em No Limit ($0.05/$0.1) - 2024/05/15 12:07:04
Table 'NLHRed8' 6-max Seat #5 is the button
Seat 1: 2b93ebba ($12.55 in chips)
Seat 2: 1cf6aff6 ($21.96 in chips)
Seat 3: Hero ($21.64 in chips)
Seat 4: bdc10493 ($9.85 in chips)
Seat 5: fb10ee2c ($10.42 in chips)
Seat 6: 4c9c42fd ($4.9 in chips)
4c9c42fd: posts small blind $0.05
2b93ebba: posts big blind $0.1
*** HOLE CARDS ***
Dealt to 2b93ebba 
Dealt to 1cf6aff6 
Dealt to Hero [Kc 4h]
Dealt to bdc10493 
Dealt to fb10ee2c 
Dealt to 4c9c42fd 
1cf6aff6: folds
Hero: folds
bdc10493: folds
fb10ee2c: folds
4c9c42fd: folds
Uncalled bet ($0.05) returned to 2b93ebba
*** SHOWDOWN ***
2b93ebba collected $0.1 from pot
*** SUMMARY ***
Total pot $0.1 | Rake $0 | Jackpot $0 | Bingo $0 | Fortune $0 | Tax $0
Seat 1: 2b93ebba (big blind) collected ($0.1)
Seat 2: 1cf6aff6 folded before Flop (didn't bet)
Seat 3: Hero folded before Flop (didn't bet)
Seat 4: bdc10493 folded before Flop (didn't bet)
Seat 5: fb10ee2c (button) folded before Flop (didn't bet)
Seat 6: 4c9c42fd (small blind) folded before Flop


Poker Hand #HD1773530301: Hold'em No Limit ($0.05/$0.1) - 2024/05/15 12:06:37
Table 'NLHRed8' 6-max Seat #4 is the button
Seat 1: 2b93ebba ($12.55 in chips)
Seat 2: 1cf6aff6 ($21.96 in chips)
Seat 3: Hero ($21.64 in chips)
Seat 4: bdc10493 ($9.7 in chips)
Seat 5: fb10ee2c ($10.47 in chips)
Seat 6: 4c9c42fd ($5 in chips)
fb10ee2c: posts small blind $0.05
4c9c42fd: posts big blind $0.1
*** HOLE CARDS ***
Dealt to 2b93ebba 
Dealt to 1cf6aff6 
Dealt to Hero [Qh 7d]
Dealt to bdc10493 
Dealt to fb10ee2c 
Dealt to 4c9c42fd 
2b93ebba: folds
1cf6aff6: folds
Hero: folds
bdc10493: raises $0.4 to $0.5
fb10ee2c: folds
4c9c42fd: folds
Uncalled bet ($0.4) returned to bdc10493
*** SHOWDOWN ***
bdc10493 collected $0.25 from pot
*** SUMMARY ***
Total pot $0.25 | Rake $0 | Jackpot $0 | Bingo $0 | Fortune $0 | Tax $0
Seat 1: 2b93ebba folded before Flop (didn't bet)
Seat 2: 1cf6aff6 folded before Flop (didn't bet)
Seat 3: Hero folded before Flop (didn't bet)
Seat 4: bdc10493 (button) collected ($0.25)
Seat 5: fb10ee2c (small blind) folded before Flop
Seat 6: 4c9c42fd (big blind) folded before Flop


Poker Hand #HD1773530272: Hold'em No Limit ($0.05/$0.1) - 2024/05/15 12:06:22
Table 'NLHRed8' 6-max Seat #3 is the button
Seat 1: 2b93ebba ($12.55 in chips)
Seat 2: 1cf6aff6 ($21.96 in chips)
Seat 3: Hero ($21.64 in chips)
Seat 4: bdc10493 ($9.75 in chips)
Seat 5: fb10ee2c ($10.42 in chips)
bdc10493: posts small blind $0.05
fb10ee2c: posts big blind $0.1
*** HOLE CARDS ***
Dealt to 2b93ebba 
Dealt to 1cf6aff6 
Dealt to Hero [8c 4d]
Dealt to bdc10493 
Dealt to fb10ee2c 
2b93ebba: folds
1cf6aff6: folds
Hero: folds
bdc10493: folds
Uncalled bet ($0.05) returned to fb10ee2c
*** SHOWDOWN ***
fb10ee2c collected $0.1 from pot
*** SUMMARY ***
Total pot $0.1 | Rake $0 | Jackpot $0 | Bingo $0 | Fortune $0 | Tax $0
Seat 1: 2b93ebba folded before Flop (didn't bet)
Seat 2: 1cf6aff6 folded before Flop (didn't bet)
Seat 3: Hero (button) folded before Flop (didn't bet)
Seat 4: bdc10493 (small blind) folded before Flop
Seat 5: fb10ee2c (big blind) collected ($0.1)


Poker Hand #HD1773530205: Hold'em No Limit ($0.05/$0.1) - 2024/05/15 12:05:55
Table 'NLHRed8' 6-max Seat #2 is the button
Seat 1: 2b93ebba ($12.55 in chips)
Seat 2: 1cf6aff6 ($21.68 in chips)
Seat 3: Hero ($21.69 in chips)
Seat 4: bdc10493 ($10 in chips)
Seat 5: fb10ee2c ($10.42 in chips)
Hero: posts small blind $0.05
bdc10493: posts big blind $0.1
*** HOLE CARDS ***
Dealt to 2b93ebba 
Dealt to 1cf6aff6 
Dealt to Hero [7s 4h]
Dealt to bdc10493 
Dealt to fb10ee2c 
fb10ee2c: folds
2b93ebba: folds
1cf6aff6: raises $0.15 to $0.25
Hero: folds
bdc10493: calls $0.15
*** FLOP *** [Qs 8h 5c]
bdc10493: checks
1cf6aff6: bets $0.42
bdc10493: folds
Uncalled bet ($0.42) returned to 1cf6aff6
*** SHOWDOWN ***
1cf6aff6 collected $0.53 from pot
*** SUMMARY ***
Total pot $0.55 | Rake $0.02 | Jackpot $0 | Bingo $0 | Fortune $0 | Tax $0
Board [Qs 8h 5c]
Seat 1: 2b93ebba folded before Flop (didn't bet)
Seat 2: 1cf6aff6 (button) won ($0.53)
Seat 3: Hero (small blind) folded before Flop
Seat 4: bdc10493 (big blind) folded on the Flop
Seat 5: fb10ee2c folded before Flop (didn't bet)


Poker Hand #HD1773530149: Hold'em No Limit ($0.05/$0.1) - 2024/05/15 12:05:30
Table 'NLHRed8' 6-max Seat #1 is the button
Seat 1: 2b93ebba ($12.04 in chips)
Seat 2: 1cf6aff6 ($21.73 in chips)
Seat 3: Hero ($21.79 in chips)
Seat 4: bdc10493 ($10.4 in chips)
Seat 5: fb10ee2c ($10.42 in chips)
1cf6aff6: posts small blind $0.05
Hero: posts big blind $0.1
*** HOLE CARDS ***
Dealt to 2b93ebba 
Dealt to 1cf6aff6 
Dealt to Hero [Kd 3h]
Dealt to bdc10493 
Dealt to fb10ee2c 
bdc10493: calls $0.1
fb10ee2c: folds
2b93ebba: raises $0.3 to $0.4
1cf6aff6: folds
Hero: folds
bdc10493: calls $0.3
*** FLOP *** [3c Jd 5d]
bdc10493: checks
2b93ebba: bets $0.24
bdc10493: folds
Uncalled bet ($0.24) returned to 2b93ebba
*** SHOWDOWN ***
2b93ebba collected $0.91 from pot
*** SUMMARY ***
Total pot $0.95 | Rake $0.04 | Jackpot $0 | Bingo $0 | Fortune $0 | Tax $0
Board [3c Jd 5d]
Seat 1: 2b93ebba (button) won ($0.91)
Seat 2: 1cf6aff6 (small blind) folded before Flop
Seat 3: Hero (big blind) folded before Flop
Seat 4: bdc10493 folded on the Flop
Seat 5: fb10ee2c folded before Flop (didn't bet)


Poker Hand #HD1773530087: Hold'em No Limit ($0.05/$0.1) - 2024/05/15 12:05:05
Table 'NLHRed8' 6-max Seat #5 is the button
Seat 1: 2b93ebba ($12.14 in chips)
Seat 2: 1cf6aff6 ($21.73 in chips)
Seat 3: Hero ($21.79 in chips)
Seat 4: bdc10493 ($10.4 in chips)
Seat 5: fb10ee2c ($10.27 in chips)
Seat 6: ba8af0d9 ($10.48 in chips)
ba8af0d9: posts small blind $0.05
2b93ebba: posts big blind $0.1
*** HOLE CARDS ***
Dealt to 2b93ebba 
Dealt to 1cf6aff6 
Dealt to Hero [4c 2c]
Dealt to bdc10493 
Dealt to fb10ee2c 
Dealt to ba8af0d9 
1cf6aff6: folds
Hero: folds
bdc10493: folds
fb10ee2c: raises $0.2 to $0.3
ba8af0d9: folds
2b93ebba: folds
Uncalled bet ($0.2) returned to fb10ee2c
*** SHOWDOWN ***
fb10ee2c collected $0.25 from pot
*** SUMMARY ***
Total pot $0.25 | Rake $0 | Jackpot $0 | Bingo $0 | Fortune $0 | Tax $0
Seat 1: 2b93ebba (big blind) folded before Flop
Seat 2: 1cf6aff6 folded before Flop (didn't bet)
Seat 3: Hero folded before Flop (didn't bet)
Seat 4: bdc10493 folded before Flop (didn't bet)
Seat 5: fb10ee2c (button) collected ($0.25)
Seat 6: ba8af0d9 (small blind) folded before Flop


Poker Hand #HD1773530044: Hold'em No Limit ($0.05/$0.1) - 2024/05/15 12:04:40
Table 'NLHRed8' 6-max Seat #4 is the button
Seat 1: 2b93ebba ($12.14 in chips)
Seat 2: 1cf6aff6 ($21.73 in chips)
Seat 3: Hero ($21.79 in chips)
Seat 4: bdc10493 ($10.26 in chips)
Seat 5: fb10ee2c ($10.32 in chips)
Seat 6: ba8af0d9 ($10.58 in chips)
fb10ee2c: posts small blind $0.05
ba8af0d9: posts big blind $0.1
*** HOLE CARDS ***
Dealt to 2b93ebba 
Dealt to 1cf6aff6 
Dealt to Hero [5c 4c]
Dealt to bdc10493 
Dealt to fb10ee2c 
Dealt to ba8af0d9 
2b93ebba: folds
1cf6aff6: folds
Hero: folds
bdc10493: calls $0.1
fb10ee2c: folds
ba8af0d9: checks
*** FLOP *** [8s Qd 5s]
ba8af0d9: checks
bdc10493: bets $0.13
ba8af0d9: folds
Uncalled bet ($0.13) returned to bdc10493
*** SHOWDOWN ***
bdc10493 collected $0.24 from pot
*** SUMMARY ***
Total pot $0.25 | Rake $0.01 | Jackpot $0 | Bingo $0 | Fortune $0 | Tax $0
Board [8s Qd 5s]
Seat 1: 2b93ebba folded before Flop (didn't bet)
Seat 2: 1cf6aff6 folded before Flop (didn't bet)
Seat 3: Hero folded before Flop (didn't bet)
Seat 4: bdc10493 (button) won ($0.24)
Seat 5: fb10ee2c (small blind) folded before Flop
Seat 6: ba8af0d9 (big blind) folded on the Flop


Poker Hand #HD1773529951: Hold'em No Limit ($0.05/$0.1) - 2024/05/15 12:03:57
Table 'NLHRed8' 6-max Seat #3 is the button
Seat 1: 2b93ebba ($12.14 in chips)
Seat 2: 1cf6aff6 ($21.73 in chips)
Seat 3: Hero ($22.03 in chips)
Seat 4: bdc10493 ($9.6 in chips)
Seat 5: fb10ee2c ($10.8 in chips)
Seat 6: ba8af0d9 ($10.58 in chips)
bdc10493: posts small blind $0.05
fb10ee2c: posts big blind $0.1
*** HOLE CARDS ***
Dealt to 2b93ebba 
Dealt to 1cf6aff6 
Dealt to Hero [Qd Ac]
Dealt to bdc10493 
Dealt to fb10ee2c 
Dealt to ba8af0d9 
ba8af0d9: folds
2b93ebba: folds
1cf6aff6: folds
Hero: raises $0.14 to $0.24
bdc10493: calls $0.19
fb10ee2c: calls $0.14
*** FLOP *** [6s 4h Tc]
bdc10493: checks
fb10ee2c: checks
Hero: checks
*** TURN *** [6s 4h Tc] [8c]
bdc10493: bets $0.24
fb10ee2c: calls $0.24
Hero: folds
*** RIVER *** [6s 4h Tc 8c] [2s]
bdc10493: checks
fb10ee2c: checks
bdc10493: shows [Jh Qh] (Queen-High)
fb10ee2c: shows [9h Jd] (Jack-High)
*** SHOWDOWN ***
bdc10493 collected $1.14 from pot
*** SUMMARY ***
Total pot $1.2 | Rake $0.06 | Jackpot $0 | Bingo $0 | Fortune $0 | Tax $0
Board [6s 4h Tc 8c 2s]
Seat 1: 2b93ebba folded before Flop (didn't bet)
Seat 2: 1cf6aff6 folded before Flop (didn't bet)
Seat 3: Hero (button) folded on the Turn
Seat 4: bdc10493 (small blind) showed [Jh Qh] and won ($1.14) with Queen-High
Seat 5: fb10ee2c (big blind) showed [9h Jd] and lost with Jack-High
Seat 6: ba8af0d9 folded before Flop (didn't bet)


Poker Hand #HD1773529910: Hold'em No Limit ($0.05/$0.1) - 2024/05/15 12:03:37
Table 'NLHRed8' 6-max Seat #2 is the button
Seat 1: 2b93ebba ($12.14 in chips)
Seat 2: 1cf6aff6 ($21.73 in chips)
Seat 3: Hero ($22.08 in chips)
Seat 4: bdc10493 ($9.7 in chips)
Seat 5: fb10ee2c ($10.8 in chips)
Seat 6: ba8af0d9 ($10.43 in chips)
Hero: posts small blind $0.05
bdc10493: posts big blind $0.1
*** HOLE CARDS ***
Dealt to 2b93ebba 
Dealt to 1cf6aff6 
Dealt to Hero [Qs 2d]
Dealt to bdc10493 
Dealt to fb10ee2c 
Dealt to ba8af0d9 
fb10ee2c: folds
ba8af0d9: raises $0.13 to $0.23
2b93ebba: folds
1cf6aff6: folds
Hero: folds
bdc10493: folds
Uncalled bet ($0.13) returned to ba8af0d9
*** SHOWDOWN ***
ba8af0d9 collected $0.25 from pot
*** SUMMARY ***
Total pot $0.25 | Rake $0 | Jackpot $0 | Bingo $0 | Fortune $0 | Tax $0
Seat 1: 2b93ebba folded before Flop (didn't bet)
Seat 2: 1cf6aff6 (button) folded before Flop (didn't bet)
Seat 3: Hero (small blind) folded before Flop
Seat 4: bdc10493 (big blind) folded before Flop
Seat 5: fb10ee2c folded before Flop (didn't bet)
Seat 6: ba8af0d9 collected ($0.25)


Poker Hand #HD1773529881: Hold'em No Limit ($0.05/$0.1) - 2024/05/15 12:03:23
Table 'NLHRed8' 6-max Seat #1 is the button
Seat 1: 2b93ebba ($12.14 in chips)
Seat 2: 1cf6aff6 ($21.78 in chips)
Seat 3: Hero ($22.18 in chips)
Seat 4: bdc10493 ($9.7 in chips)
Seat 5: fb10ee2c ($10.65 in chips)
Seat 6: ba8af0d9 ($10.43 in chips)
1cf6aff6: posts small blind $0.05
Hero: posts big blind $0.1
*** HOLE CARDS ***
Dealt to 2b93ebba 
Dealt to 1cf6aff6 
Dealt to Hero [Qh 4h]
Dealt to bdc10493 
Dealt to fb10ee2c 
Dealt to ba8af0d9 
bdc10493: folds
fb10ee2c: raises $0.2 to $0.3
ba8af0d9: folds
2b93ebba: folds
1cf6aff6: folds
Hero: folds
Uncalled bet ($0.2) returned to fb10ee2c
*** SHOWDOWN ***
fb10ee2c collected $0.25 from pot
*** SUMMARY ***
Total pot $0.25 | Rake $0 | Jackpot $0 | Bingo $0 | Fortune $0 | Tax $0
Seat 1: 2b93ebba (button) folded before Flop (didn't bet)
Seat 2: 1cf6aff6 (small blind) folded before Flop
Seat 3: Hero (big blind) folded before Flop
Seat 4: bdc10493 folded before Flop (didn't bet)
Seat 5: fb10ee2c collected ($0.25)
Seat 6: ba8af0d9 folded before Flop (didn't bet)


Poker Hand #HD1773529776: Hold'em No Limit ($0.05/$0.1) - 2024/05/15 12:02:29
Table 'NLHRed8' 6-max Seat #6 is the button
Seat 1: 2b93ebba ($12.19 in chips)
Seat 2: 1cf6aff6 ($21.88 in chips)
Seat 3: Hero ($21.85 in chips)
Seat 4: bdc10493 ($9.9 in chips)
Seat 5: fb10ee2c ($10.65 in chips)
Seat 6: ba8af0d9 ($10.43 in chips)
2b93ebba: posts small blind $0.05
1cf6aff6: posts big blind $0.1
*** HOLE CARDS ***
Dealt to 2b93ebba 
Dealt to 1cf6aff6 
Dealt to Hero [Th Ts]
Dealt to bdc10493 
Dealt to fb10ee2c 
Dealt to ba8af0d9 
Hero: raises $0.1 to $0.2
bdc10493: calls $0.2
fb10ee2c: folds
ba8af0d9: folds
2b93ebba: folds
1cf6aff6: folds
*** FLOP *** [7c 4s As]
Hero: checks
bdc10493: checks
*** TURN *** [7c 4s As] [2s]
Hero: bets $0.19
bdc10493: folds
Uncalled bet ($0.19) returned to Hero
*** SHOWDOWN ***
Hero collected $0.53 from pot
*** SUMMARY ***
Total pot $0.55 | Rake $0.02 | Jackpot $0 | Bingo $0 | Fortune $0 | Tax $0
Board [7c 4s As 2s]
Seat 1: 2b93ebba (small blind) folded before Flop
Seat 2: 1cf6aff6 (big blind) folded before Flop
Seat 3: Hero won ($0.53)
Seat 4: bdc10493 folded on the Turn
Seat 5: fb10ee2c folded before Flop (didn't bet)
Seat 6: ba8af0d9 (button) folded before Flop (didn't bet)


Poker Hand #HD1773529731: Hold'em No Limit ($0.05/$0.1) - 2024/05/15 12:02:08
Table 'NLHRed8' 6-max Seat #5 is the button
Seat 1: 2b93ebba ($12.29 in chips)
Seat 2: 1cf6aff6 ($21.64 in chips)
Seat 3: Hero ($21.85 in chips)
Seat 4: bdc10493 ($10 in chips)
Seat 5: fb10ee2c ($10.65 in chips)
Seat 6: ba8af0d9 ($10.48 in chips)
ba8af0d9: posts small blind $0.05
2b93ebba: posts big blind $0.1
bdc10493: posts big blind $0.1
*** HOLE CARDS ***
Dealt to 2b93ebba 
Dealt to 1cf6aff6 
Dealt to Hero [9h 6c]
Dealt to bdc10493 
Dealt to fb10ee2c 
Dealt to ba8af0d9 
1cf6aff6: raises $0.4 to $0.5
Hero: folds
bdc10493: folds
fb10ee2c: folds
ba8af0d9: folds
2b93ebba: folds
Uncalled bet ($0.4) returned to 1cf6aff6
*** SHOWDOWN ***
1cf6aff6 collected $0.34 from pot
*** SUMMARY ***
Total pot $0.35 | Rake $0.01 | Jackpot $0 | Bingo $0 | Fortune $0 | Tax $0
Seat 1: 2b93ebba (big blind) folded before Flop
Seat 2: 1cf6aff6 collected ($0.34)
Seat 3: Hero folded before Flop (didn't bet)
Seat 4: bdc10493 folded before Flop
Seat 5: fb10ee2c (button) folded before Flop (didn't bet)
Seat 6: ba8af0d9 (small blind) folded before Flop


Poker Hand #HD1773529679: Hold'em No Limit ($0.05/$0.1) - 2024/05/15 12:01:45
Table 'NLHRed8' 6-max Seat #3 is the button
Seat 1: 2b93ebba ($12.59 in chips)
Seat 2: 1cf6aff6 ($21.22 in chips)
Seat 3: Hero ($21.85 in chips)
Seat 5: fb10ee2c ($10.7 in chips)
Seat 6: ba8af0d9 ($10.58 in chips)
fb10ee2c: posts small blind $0.05
ba8af0d9: posts big blind $0.1
*** HOLE CARDS ***
Dealt to 2b93ebba 
Dealt to 1cf6aff6 
Dealt to Hero [7s 2c]
Dealt to fb10ee2c 
Dealt to ba8af0d9 
2b93ebba: raises $0.2 to $0.3
1cf6aff6: raises $0.6 to $0.9
Hero: folds
fb10ee2c: folds
ba8af0d9: folds
2b93ebba: folds
Uncalled bet ($0.6) returned to 1cf6aff6
*** SHOWDOWN ***
1cf6aff6 collected $0.72 from pot
*** SUMMARY ***
Total pot $0.75 | Rake $0.03 | Jackpot $0 | Bingo $0 | Fortune $0 | Tax $0
Seat 1: 2b93ebba folded before Flop
Seat 2: 1cf6aff6 collected ($0.72)
Seat 3: Hero (button) folded before Flop (didn't bet)
Seat 5: fb10ee2c (small blind) folded before Flop
Seat 6: ba8af0d9 (big blind) folded before Flop


Poker Hand #HD1773529638: Hold'em No Limit ($0.05/$0.1) - 2024/05/15 12:01:26
Table 'NLHRed8' 6-max Seat #2 is the button
Seat 1: 2b93ebba ($12.59 in chips)
Seat 2: 1cf6aff6 ($21.22 in chips)
Seat 3: Hero ($21.75 in chips)
Seat 5: fb10ee2c ($10.8 in chips)
Seat 6: ba8af0d9 ($10.58 in chips)
Hero: posts small blind $0.05
fb10ee2c: posts big blind $0.1
*** HOLE CARDS ***
Dealt to 2b93ebba 
Dealt to 1cf6aff6 
Dealt to Hero [Tc Th]
Dealt to fb10ee2c 
Dealt to ba8af0d9 
ba8af0d9: folds
2b93ebba: folds
1cf6aff6: folds
Hero: raises $0.2 to $0.3
fb10ee2c: folds
Uncalled bet ($0.2) returned to Hero
*** SHOWDOWN ***
Hero collected $0.2 from pot
*** SUMMARY ***
Total pot $0.2 | Rake $0 | Jackpot $0 | Bingo $0 | Fortune $0 | Tax $0
Seat 1: 2b93ebba folded before Flop (didn't bet)
Seat 2: 1cf6aff6 (button) folded before Flop (didn't bet)
Seat 3: Hero (small blind) collected ($0.2)
Seat 5: fb10ee2c (big blind) folded before Flop
Seat 6: ba8af0d9 folded before Flop (didn't bet)


Poker Hand #HD1773529614: Hold'em No Limit ($0.05/$0.1) - 2024/05/15 12:01:12
Table 'NLHRed8' 6-max Seat #1 is the button
Seat 1: 2b93ebba ($12.44 in chips)
Seat 2: 1cf6aff6 ($21.27 in chips)
Seat 3: Hero ($21.85 in chips)
Seat 4: 3dc605d7 ($13.29 in chips)
Seat 5: fb10ee2c ($10.8 in chips)
Seat 6: ba8af0d9 ($10.58 in chips)
1cf6aff6: posts small blind $0.05
Hero: posts big blind $0.1
*** HOLE CARDS ***
Dealt to 2b93ebba 
Dealt to 1cf6aff6 
Dealt to Hero [4d 9s]
Dealt to 3dc605d7 
Dealt to fb10ee2c 
Dealt to ba8af0d9 
3dc605d7: folds
fb10ee2c: folds
ba8af0d9: folds
2b93ebba: raises $0.2 to $0.3
1cf6aff6: folds
Hero: folds
Uncalled bet ($0.2) returned to 2b93ebba
*** SHOWDOWN ***
2b93ebba collected $0.25 from pot
*** SUMMARY ***
Total pot $0.25 | Rake $0 | Jackpot $0 | Bingo $0 | Fortune $0 | Tax $0
Seat 1: 2b93ebba (button) collected ($0.25)
Seat 2: 1cf6aff6 (small blind) folded before Flop
Seat 3: Hero (big blind) folded before Flop
Seat 4: 3dc605d7 folded before Flop (didn't bet)
Seat 5: fb10ee2c folded before Flop (didn't bet)
Seat 6: ba8af0d9 folded before Flop (didn't bet)


Poker Hand #HD1773529519: Hold'em No Limit ($0.05/$0.1) - 2024/05/15 12:00:22
Table 'NLHRed8' 6-max Seat #6 is the button
Seat 1: 2b93ebba ($12.49 in chips)
Seat 2: 1cf6aff6 ($21.53 in chips)
Seat 3: Hero ($21.85 in chips)
Seat 4: 3dc605d7 ($13.55 in chips)
Seat 5: fb10ee2c ($10.8 in chips)
Seat 6: ba8af0d9 ($10.05 in chips)
2b93ebba: posts small blind $0.05
1cf6aff6: posts big blind $0.1
*** HOLE CARDS ***
Dealt to 2b93ebba 
Dealt to 1cf6aff6 
Dealt to Hero [4s Kh]
Dealt to 3dc605d7 
Dealt to fb10ee2c 
Dealt to ba8af0d9 
Hero: folds
3dc605d7: raises $0.16 to $0.26
fb10ee2c: folds
ba8af0d9: calls $0.26
2b93ebba: folds
1cf6aff6: calls $0.16
*** FLOP *** [4h 6c 6s]
1cf6aff6: checks
3dc605d7: checks
ba8af0d9: checks
*** TURN *** [4h 6c 6s] [9s]
1cf6aff6: checks
3dc605d7: checks
ba8af0d9: checks
*** RIVER *** [4h 6c 6s 9s] [6d]
1cf6aff6: checks
3dc605d7: checks
ba8af0d9: checks
1cf6aff6: shows [3h Ad] (Three Sixes)
3dc605d7: shows [Qh As] (Three Sixes)
ba8af0d9: shows [7s 7h] (Sixes Full over Sevens)
*** SHOWDOWN ***
ba8af0d9 collected $0.79 from pot
*** SUMMARY ***
Total pot $0.83 | Rake $0.04 | Jackpot $0 | Bingo $0 | Fortune $0 | Tax $0
Board [4h 6c 6s 9s 6d]
Seat 1: 2b93ebba (small blind) folded before Flop
Seat 2: 1cf6aff6 (big blind) showed [3h Ad] and lost with Three Sixes
Seat 3: Hero folded before Flop (didn't bet)
Seat 4: 3dc605d7 showed [Qh As] and lost with Three Sixes
Seat 5: fb10ee2c folded before Flop (didn't bet)
Seat 6: ba8af0d9 (button) showed [7s 7h] and won ($0.79) with Sixes Full over Sevens


Poker Hand #HD1773529496: Hold'em No Limit ($0.05/$0.1) - 2024/05/15 12:00:12
Table 'NLHRed8' 6-max Seat #5 is the button
Seat 1: 2b93ebba ($12.44 in chips)
Seat 2: 1cf6aff6 ($21.53 in chips)
Seat 3: Hero ($21.85 in chips)
Seat 4: 3dc605d7 ($13.55 in chips)
Seat 5: fb10ee2c ($10.8 in chips)
Seat 6: ba8af0d9 ($10 in chips)
ba8af0d9: posts small blind $0.05
2b93ebba: posts big blind $0.1
*** HOLE CARDS ***
Dealt to 2b93ebba 
Dealt to 1cf6aff6 
Dealt to Hero [6c 7c]
Dealt to 3dc605d7 
Dealt to fb10ee2c 
Dealt to ba8af0d9 
1cf6aff6: folds
Hero: folds
3dc605d7: folds
fb10ee2c: folds
ba8af0d9: folds
Uncalled bet ($0.05) returned to 2b93ebba
*** SHOWDOWN ***
2b93ebba collected $0.1 from pot
*** SUMMARY ***
Total pot $0.1 | Rake $0 | Jackpot $0 | Bingo $0 | Fortune $0 | Tax $0
Seat 1: 2b93ebba (big blind) collected ($0.1)
Seat 2: 1cf6aff6 folded before Flop (didn't bet)
Seat 3: Hero folded before Flop (didn't bet)
Seat 4: 3dc605d7 folded before Flop (didn't bet)
Seat 5: fb10ee2c (button) folded before Flop (didn't bet)
Seat 6: ba8af0d9 (small blind) folded before Flop


Poker Hand #HD1773529373: Hold'em No Limit ($0.05/$0.1) - 2024/05/15 11:59:08
Table 'NLHRed8' 6-max Seat #4 is the button
Seat 1: 2b93ebba ($12.44 in chips)
Seat 2: 1cf6aff6 ($21.53 in chips)
Seat 3: Hero ($22.09 in chips)
Seat 4: 3dc605d7 ($13.79 in chips)
Seat 5: fb10ee2c ($10.12 in chips)
Seat 6: ba8af0d9 ($10.15 in chips)
fb10ee2c: posts small blind $0.05
ba8af0d9: posts big blind $0.1
*** HOLE CARDS ***
Dealt to 2b93ebba 
Dealt to 1cf6aff6 
Dealt to Hero [Ad 3d]
Dealt to 3dc605d7 
Dealt to fb10ee2c 
Dealt to ba8af0d9 
2b93ebba: folds
1cf6aff6: folds
Hero: raises $0.14 to $0.24
3dc605d7: calls $0.24
fb10ee2c: calls $0.19
ba8af0d9: calls $0.14
*** FLOP *** [9h 6c 7s]
fb10ee2c: checks
ba8af0d9: checks
Hero: checks
3dc605d7: checks
*** TURN *** [9h 6c 7s] [Kd]
fb10ee2c: checks
ba8af0d9: checks
Hero: checks
3dc605d7: checks
*** RIVER *** [9h 6c 7s Kd] [7d]
fb10ee2c: checks
ba8af0d9: checks
Hero: checks
3dc605d7: checks
fb10ee2c: shows [Tc 6s] (Pair of Sevens and Pair of Sixes)
ba8af0d9: shows [Td Qh] (Pair of Sevens)
Hero: shows [Ad 3d] (Pair of Sevens)
3dc605d7: shows [Ac Jd] (Pair of Sevens)
*** SHOWDOWN ***
fb10ee2c collected $0.92 from pot
*** SUMMARY ***
Total pot $0.96 | Rake $0.04 | Jackpot $0 | Bingo $0 | Fortune $0 | Tax $0
Board [9h 6c 7s Kd 7d]
Seat 1: 2b93ebba folded before Flop (didn't bet)
Seat 2: 1cf6aff6 folded before Flop (didn't bet)
Seat 3: Hero showed [Ad 3d] and lost with Pair of Sevens
Seat 4: 3dc605d7 (button) showed [Ac Jd] and lost with Pair of Sevens
Seat 5: fb10ee2c (small blind) showed [Tc 6s] and won ($0.92) with Pair of Sevens and Pair of Sixes
Seat 6: ba8af0d9 (big blind) showed [Td Qh] and lost with Pair of Sevens


Poker Hand #HD1773529236: Hold'em No Limit ($0.05/$0.1) - 2024/05/15 11:58:00
Table 'NLHRed8' 6-max Seat #3 is the button
Seat 1: 2b93ebba ($10 in chips)
Seat 2: 1cf6aff6 ($23.34 in chips)
Seat 3: Hero ($22.09 in chips)
Seat 4: 3dc605d7 ($13.84 in chips)
Seat 5: fb10ee2c ($11.02 in chips)
3dc605d7: posts small blind $0.05
fb10ee2c: posts big blind $0.1
*** HOLE CARDS ***
Dealt to 2b93ebba 
Dealt to 1cf6aff6 
Dealt to Hero [Ad 3h]
Dealt to 3dc605d7 
Dealt to fb10ee2c 
2b93ebba: raises $0.2 to $0.3
1cf6aff6: raises $0.6 to $0.9
Hero: folds
3dc605d7: folds
fb10ee2c: calls $0.8
2b93ebba: calls $0.6
*** FLOP *** [5c Ah 6d]
fb10ee2c: checks
2b93ebba: checks
1cf6aff6: bets $0.91
fb10ee2c: folds
2b93ebba: calls $0.91
*** TURN *** [5c Ah 6d] [9h]
2b93ebba: checks
1cf6aff6: checks
*** RIVER *** [5c Ah 6d 9h] [Qs]
2b93ebba: bets $1.51
1cf6aff6: folds
Uncalled bet ($1.51) returned to 2b93ebba
*** SHOWDOWN ***
2b93ebba collected $4.25 from pot
*** SUMMARY ***
Total pot $4.57 | Rake $0.22 | Jackpot $0.1 | Bingo $0 | Fortune $0 | Tax $0
Board [5c Ah 6d 9h Qs]
Seat 1: 2b93ebba won ($4.25)
Seat 2: 1cf6aff6 folded on the River
Seat 3: Hero (button) folded before Flop (didn't bet)
Seat 4: 3dc605d7 (small blind) folded before Flop
Seat 5: fb10ee2c (big blind) folded on the Flop


Poker Hand #HD1773529215: Hold'em No Limit ($0.05/$0.1) - 2024/05/15 11:57:47
Table 'NLHRed8' 6-max Seat #2 is the button
Seat 1: 2b93ebba ($10 in chips)
Seat 2: 1cf6aff6 ($23.19 in chips)
Seat 3: Hero ($22.14 in chips)
Seat 4: 3dc605d7 ($13.94 in chips)
Seat 5: fb10ee2c ($11.02 in chips)
Hero: posts small blind $0.05
3dc605d7: posts big blind $0.1
*** HOLE CARDS ***
Dealt to 2b93ebba 
Dealt to 1cf6aff6 
Dealt to Hero [3c Qd]
Dealt to 3dc605d7 
Dealt to fb10ee2c 
fb10ee2c: folds
2b93ebba: folds
1cf6aff6: raises $0.15 to $0.25
Hero: folds
3dc605d7: folds
Uncalled bet ($0.15) returned to 1cf6aff6
*** SHOWDOWN ***
1cf6aff6 collected $0.25 from pot
*** SUMMARY ***
Total pot $0.25 | Rake $0 | Jackpot $0 | Bingo $0 | Fortune $0 | Tax $0
Seat 1: 2b93ebba folded before Flop (didn't bet)
Seat 2: 1cf6aff6 (button) collected ($0.25)
Seat 3: Hero (small blind) folded before Flop
Seat 4: 3dc605d7 (big blind) folded before Flop
Seat 5: fb10ee2c folded before Flop (didn't bet)


Poker Hand #HD1773529179: Hold'em No Limit ($0.05/$0.1) - 2024/05/15 11:57:31
Table 'NLHRed8' 6-max Seat #1 is the button
Seat 1: 2b93ebba ($10 in chips)
Seat 2: 1cf6aff6 ($23.24 in chips)
Seat 3: Hero ($22.24 in chips)
Seat 4: 3dc605d7 ($13.94 in chips)
Seat 5: fb10ee2c ($10.87 in chips)
1cf6aff6: posts small blind $0.05
Hero: posts big blind $0.1
*** HOLE CARDS ***
Dealt to 2b93ebba 
Dealt to 1cf6aff6 
Dealt to Hero [8s 5s]
Dealt to 3dc605d7 
Dealt to fb10ee2c 
3dc605d7: folds
fb10ee2c: raises $0.2 to $0.3
2b93ebba: folds
1cf6aff6: folds
Hero: folds
Uncalled bet ($0.2) returned to fb10ee2c
*** SHOWDOWN ***
fb10ee2c collected $0.25 from pot
*** SUMMARY ***
Total pot $0.25 | Rake $0 | Jackpot $0 | Bingo $0 | Fortune $0 | Tax $0
Seat 1: 2b93ebba (button) folded before Flop (didn't bet)
Seat 2: 1cf6aff6 (small blind) folded before Flop
Seat 3: Hero (big blind) folded before Flop
Seat 4: 3dc605d7 folded before Flop (didn't bet)
Seat 5: fb10ee2c collected ($0.25)


Poker Hand #HD1773529141: Hold'em No Limit ($0.05/$0.1) - 2024/05/15 11:57:13
Table 'NLHRed8' 6-max Seat #6 is the button
Seat 1: 2b93ebba ($10 in chips)
Seat 2: 1cf6aff6 ($23.19 in chips)
Seat 3: Hero ($22.24 in chips)
Seat 4: 3dc605d7 ($13.94 in chips)
Seat 5: fb10ee2c ($10.87 in chips)
Seat 6: ba8af0d9 ($10.15 in chips)
2b93ebba: posts small blind $0.05
1cf6aff6: posts big blind $0.1
*** HOLE CARDS ***
Dealt to 2b93ebba 
Dealt to 1cf6aff6 
Dealt to Hero [9h 6h]
Dealt to 3dc605d7 
Dealt to fb10ee2c 
Dealt to ba8af0d9 
Hero: folds
3dc605d7: folds
fb10ee2c: folds
ba8af0d9: folds
2b93ebba: folds
Uncalled bet ($0.05) returned to 1cf6aff6
*** SHOWDOWN ***
1cf6aff6 collected $0.1 from pot
*** SUMMARY ***
Total pot $0.1 | Rake $0 | Jackpot $0 | Bingo $0 | Fortune $0 | Tax $0
Seat 1: 2b93ebba (small blind) folded before Flop
Seat 2: 1cf6aff6 (big blind) collected ($0.1)
Seat 3: Hero folded before Flop (didn't bet)
Seat 4: 3dc605d7 folded before Flop (didn't bet)
Seat 5: fb10ee2c folded before Flop (didn't bet)
Seat 6: ba8af0d9 (button) folded before Flop (didn't bet)


Poker Hand #HD1773529029: Hold'em No Limit ($0.05/$0.1) - 2024/05/15 11:56:17
Table 'NLHRed8' 6-max Seat #5 is the button
Seat 1: 2b93ebba ($10 in chips)
Seat 2: 1cf6aff6 ($22.55 in chips)
Seat 3: Hero ($22.24 in chips)
Seat 4: 3dc605d7 ($13.94 in chips)
Seat 5: fb10ee2c ($11.42 in chips)
Seat 6: ba8af0d9 ($10.2 in chips)
ba8af0d9: posts small blind $0.05
2b93ebba: posts big blind $0.1
*** HOLE CARDS ***
Dealt to 2b93ebba 
Dealt to 1cf6aff6 
Dealt to Hero [6s Qh]
Dealt to 3dc605d7 
Dealt to fb10ee2c 
Dealt to ba8af0d9 
1cf6aff6: raises $0.2 to $0.3
Hero: folds
3dc605d7: folds
fb10ee2c: calls $0.3
ba8af0d9: folds
2b93ebba: folds
*** FLOP *** [8h 3d 5d]
1cf6aff6: bets $0.25
fb10ee2c: calls $0.25
*** TURN *** [8h 3d 5d] [Ad]
1cf6aff6: bets $0.94
fb10ee2c: folds
Uncalled bet ($0.94) returned to 1cf6aff6
*** SHOWDOWN ***
1cf6aff6 collected $1.19 from pot
*** SUMMARY ***
Total pot $1.25 | Rake $0.06 | Jackpot $0 | Bingo $0 | Fortune $0 | Tax $0
Board [8h 3d 5d Ad]
Seat 1: 2b93ebba (big blind) folded before Flop
Seat 2: 1cf6aff6 won ($1.19)
Seat 3: Hero folded before Flop (didn't bet)
Seat 4: 3dc605d7 folded before Flop (didn't bet)
Seat 5: fb10ee2c (button) folded on the Turn
Seat 6: ba8af0d9 (small blind) folded before Flop


Poker Hand #HD1773529016: Hold'em No Limit ($0.05/$0.1) - 2024/05/15 11:56:10
Table 'NLHRed8' 6-max Seat #4 is the button
Seat 2: 1cf6aff6 ($22.55 in chips)
Seat 3: Hero ($22.24 in chips)
Seat 4: 3dc605d7 ($13.94 in chips)
Seat 5: fb10ee2c ($11.47 in chips)
Seat 6: ba8af0d9 ($10.15 in chips)
fb10ee2c: posts small blind $0.05
ba8af0d9: posts big blind $0.1
*** HOLE CARDS ***
Dealt to 1cf6aff6 
Dealt to Hero [4c Qh]
Dealt to 3dc605d7 
Dealt to fb10ee2c 
Dealt to ba8af0d9 
1cf6aff6: folds
Hero: folds
3dc605d7: folds
fb10ee2c: folds
Uncalled bet ($0.05) returned to ba8af0d9
*** SHOWDOWN ***
ba8af0d9 collected $0.1 from pot
*** SUMMARY ***
Total pot $0.1 | Rake $0 | Jackpot $0 | Bingo $0 | Fortune $0 | Tax $0
Seat 2: 1cf6aff6 folded before Flop (didn't bet)
Seat 3: Hero folded before Flop (didn't bet)
Seat 4: 3dc605d7 (button) folded before Flop (didn't bet)
Seat 5: fb10ee2c (small blind) folded before Flop
Seat 6: ba8af0d9 (big blind) collected ($0.1)


Poker Hand #HD1773528966: Hold'em No Limit ($0.05/$0.1) - 2024/05/15 11:55:43
Table 'NLHRed8' 6-max Seat #3 is the button
Seat 2: 1cf6aff6 ($22.55 in chips)
Seat 3: Hero ($22.24 in chips)
Seat 4: 3dc605d7 ($13.99 in chips)
Seat 5: fb10ee2c ($11.57 in chips)
Seat 6: ba8af0d9 ($10 in chips)
3dc605d7: posts small blind $0.05
fb10ee2c: posts big blind $0.1
*** HOLE CARDS ***
Dealt to 1cf6aff6 
Dealt to Hero [5h 3d]
Dealt to 3dc605d7 
Dealt to fb10ee2c 
Dealt to ba8af0d9 
ba8af0d9: raises $0.2 to $0.3
1cf6aff6: folds
Hero: folds
3dc605d7: folds
fb10ee2c: folds
Uncalled bet ($0.2) returned to ba8af0d9
*** SHOWDOWN ***
ba8af0d9 collected $0.25 from pot
*** SUMMARY ***
Total pot $0.25 | Rake $0 | Jackpot $0 | Bingo $0 | Fortune $0 | Tax $0
Seat 2: 1cf6aff6 folded before Flop (didn't bet)
Seat 3: Hero (button) folded before Flop (didn't bet)
Seat 4: 3dc605d7 (small blind) folded before Flop
Seat 5: fb10ee2c (big blind) folded before Flop
Seat 6: ba8af0d9 collected ($0.25)


Poker Hand #HD1773528931: Hold'em No Limit ($0.05/$0.1) - 2024/05/15 11:55:25
Table 'NLHRed8' 6-max Seat #2 is the button
Seat 2: 1cf6aff6 ($22.55 in chips)
Seat 3: Hero ($22.29 in chips)
Seat 4: 3dc605d7 ($13.94 in chips)
Seat 5: fb10ee2c ($11.57 in chips)
Seat 6: ba8af0d9 ($10 in chips)
Hero: posts small blind $0.05
3dc605d7: posts big blind $0.1
*** HOLE CARDS ***
Dealt to 1cf6aff6 
Dealt to Hero [6h Jh]
Dealt to 3dc605d7 
Dealt to fb10ee2c 
Dealt to ba8af0d9 
fb10ee2c: folds
ba8af0d9: folds
1cf6aff6: folds
Hero: folds
Uncalled bet ($0.05) returned to 3dc605d7
*** SHOWDOWN ***
3dc605d7 collected $0.1 from pot
*** SUMMARY ***
Total pot $0.1 | Rake $0 | Jackpot $0 | Bingo $0 | Fortune $0 | Tax $0
Seat 2: 1cf6aff6 (button) folded before Flop (didn't bet)
Seat 3: Hero (small blind) folded before Flop
Seat 4: 3dc605d7 (big blind) collected ($0.1)
Seat 5: fb10ee2c folded before Flop (didn't bet)
Seat 6: ba8af0d9 folded before Flop (didn't bet)


Poker Hand #HD1773528741: Hold'em No Limit ($0.05/$0.1) - 2024/05/15 11:53:43
Table 'NLHRed8' 6-max Seat #6 is the button
Seat 1: 4e59284c ($10.07 in chips)
Seat 2: 1cf6aff6 ($10.43 in chips)
Seat 3: Hero ($22.49 in chips)
Seat 4: 3dc605d7 ($13.94 in chips)
Seat 5: fb10ee2c ($11.77 in chips)
Seat 6: ba8af0d9 ($10.83 in chips)
4e59284c: posts small blind $0.05
1cf6aff6: posts big blind $0.1
*** HOLE CARDS ***
Dealt to 4e59284c 
Dealt to 1cf6aff6 
Dealt to Hero [Tc Ks]
Dealt to 3dc605d7 
Dealt to fb10ee2c 
Dealt to ba8af0d9 
Hero: raises $0.1 to $0.2
3dc605d7: folds
fb10ee2c: calls $0.2
ba8af0d9: calls $0.2
4e59284c: calls $0.15
1cf6aff6: calls $0.1
*** FLOP *** [3c 5h 2h]
4e59284c: checks
1cf6aff6: bets $0.75
Hero: folds
fb10ee2c: folds
ba8af0d9: calls $0.75
4e59284c: calls $0.75
*** TURN *** [3c 5h 2h] [Td]
4e59284c: checks
1cf6aff6: bets $1.8
ba8af0d9: calls $1.8
4e59284c: raises $7.32 to $9.12 and is all-in
1cf6aff6: raises $0.36 to $9.48 and is all-in
ba8af0d9: folds
Uncalled bet ($0.36) returned to 1cf6aff6
1cf6aff6: shows [Ah 4c] (Fives-High Straight)
4e59284c: shows [As Js] (Ace-High)
*** RIVER *** [3c 5h 2h Td] [8d]
*** SHOWDOWN ***
1cf6aff6 collected $22.19 from pot
*** SUMMARY ***
Total pot $23.29 | Rake $1 | Jackpot $0.1 | Bingo $0 | Fortune $0 | Tax $0
Board [3c 5h 2h Td 8d]
Seat 1: 4e59284c (small blind) showed [As Js] and lost with Ace-High
Seat 2: 1cf6aff6 (big blind) showed [Ah 4c] and won ($22.19) with Fives-High Straight
Seat 3: Hero folded on the Flop
Seat 4: 3dc605d7 folded before Flop (didn't bet)
Seat 5: fb10ee2c folded on the Flop
Seat 6: ba8af0d9 (button) folded on the Turn


Poker Hand #HD1773528702: Hold'em No Limit ($0.05/$0.1) - 2024/05/15 11:53:28
Table 'NLHRed8' 6-max Seat #5 is the button
Seat 1: 4e59284c ($10.17 in chips)
Seat 2: 1cf6aff6 ($10.28 in chips)
Seat 3: Hero ($22.49 in chips)
Seat 4: 3dc605d7 ($13.94 in chips)
Seat 5: fb10ee2c ($11.77 in chips)
Seat 6: ba8af0d9 ($10.88 in chips)
ba8af0d9: posts small blind $0.05
4e59284c: posts big blind $0.1
*** HOLE CARDS ***
Dealt to 4e59284c 
Dealt to 1cf6aff6 
Dealt to Hero [Tc 7h]
Dealt to 3dc605d7 
Dealt to fb10ee2c 
Dealt to ba8af0d9 
1cf6aff6: raises $0.2 to $0.3
Hero: folds
3dc605d7: folds
fb10ee2c: folds
ba8af0d9: folds
4e59284c: folds
Uncalled bet ($0.2) returned to 1cf6aff6
*** SHOWDOWN ***
1cf6aff6 collected $0.25 from pot
*** SUMMARY ***
Total pot $0.25 | Rake $0 | Jackpot $0 | Bingo $0 | Fortune $0 | Tax $0
Seat 1: 4e59284c (big blind) folded before Flop
Seat 2: 1cf6aff6 collected ($0.25)
Seat 3: Hero folded before Flop (didn't bet)
Seat 4: 3dc605d7 folded before Flop (didn't bet)
Seat 5: fb10ee2c (button) folded before Flop (didn't bet)
Seat 6: ba8af0d9 (small blind) folded before Flop


Poker Hand #HD1773528603: Hold'em No Limit ($0.05/$0.1) - 2024/05/15 11:52:41
Table 'NLHRed8' 6-max Seat #4 is the button
Seat 1: 4e59284c ($9.89 in chips)
Seat 2: 1cf6aff6 ($10.28 in chips)
Seat 3: Hero ($22.49 in chips)
Seat 4: 3dc605d7 ($13.94 in chips)
Seat 5: fb10ee2c ($11.97 in chips)
Seat 6: ba8af0d9 ($10.98 in chips)
fb10ee2c: posts small blind $0.05
ba8af0d9: posts big blind $0.1
*** HOLE CARDS ***
Dealt to 4e59284c 
Dealt to 1cf6aff6 
Dealt to Hero [4d 2c]
Dealt to 3dc605d7 
Dealt to fb10ee2c 
Dealt to ba8af0d9 
4e59284c: raises $0.1 to $0.2
1cf6aff6: folds
Hero: folds
3dc605d7: folds
fb10ee2c: calls $0.15
ba8af0d9: folds
*** FLOP *** [5d Js Qs]
fb10ee2c: checks
4e59284c: checks
*** TURN *** [5d Js Qs] [Qh]
fb10ee2c: checks
4e59284c: bets $0.38
fb10ee2c: folds
Uncalled bet ($0.38) returned to 4e59284c
*** SHOWDOWN ***
4e59284c collected $0.48 from pot
*** SUMMARY ***
Total pot $0.5 | Rake $0.02 | Jackpot $0 | Bingo $0 | Fortune $0 | Tax $0
Board [5d Js Qs Qh]
Seat 1: 4e59284c won ($0.48)
Seat 2: 1cf6aff6 folded before Flop (didn't bet)
Seat 3: Hero folded before Flop (didn't bet)
Seat 4: 3dc605d7 (button) folded before Flop (didn't bet)
Seat 5: fb10ee2c (small blind) folded on the Turn
Seat 6: ba8af0d9 (big blind) folded before Flop


Poker Hand #HD1773528490: Hold'em No Limit ($0.05/$0.1) - 2024/05/15 11:51:43
Table 'NLHRed8' 6-max Seat #3 is the button
Seat 1: 4e59284c ($9.89 in chips)
Seat 2: 1cf6aff6 ($10 in chips)
Seat 3: Hero ($22.49 in chips)
Seat 4: 3dc605d7 ($13.99 in chips)
Seat 5: fb10ee2c ($12.22 in chips)
Seat 6: ba8af0d9 ($10.98 in chips)
3dc605d7: posts small blind $0.05
fb10ee2c: posts big blind $0.1
*** HOLE CARDS ***
Dealt to 4e59284c 
Dealt to 1cf6aff6 
Dealt to Hero [Qd 2s]
Dealt to 3dc605d7 
Dealt to fb10ee2c 
Dealt to ba8af0d9 
ba8af0d9: folds
4e59284c: folds
1cf6aff6: raises $0.15 to $0.25
Hero: folds
3dc605d7: folds
fb10ee2c: calls $0.15
*** FLOP *** [3d 8s 5s]
fb10ee2c: checks
1cf6aff6: bets $0.19
fb10ee2c: folds
Uncalled bet ($0.19) returned to 1cf6aff6
*** SHOWDOWN ***
1cf6aff6 collected $0.53 from pot
*** SUMMARY ***
Total pot $0.55 | Rake $0.02 | Jackpot $0 | Bingo $0 | Fortune $0 | Tax $0
Board [3d 8s 5s]
Seat 1: 4e59284c folded before Flop (didn't bet)
Seat 2: 1cf6aff6 won ($0.53)
Seat 3: Hero (button) folded before Flop (didn't bet)
Seat 4: 3dc605d7 (small blind) folded before Flop
Seat 5: fb10ee2c (big blind) folded on the Flop
Seat 6: ba8af0d9 folded before Flop (didn't bet)


Poker Hand #HD1773528408: Hold'em No Limit ($0.05/$0.1) - 2024/05/15 11:51:02
Table 'NLHRed8' 6-max Seat #2 is the button
Seat 1: 4e59284c ($10.37 in chips)
Seat 2: 1cf6aff6 ($10 in chips)
Seat 3: Hero ($21.49 in chips)
Seat 4: 3dc605d7 ($14.09 in chips)
Seat 5: fb10ee2c ($12.22 in chips)
Seat 6: ba8af0d9 ($10.98 in chips)
Hero: posts small blind $0.05
3dc605d7: posts big blind $0.1
*** HOLE CARDS ***
Dealt to 4e59284c 
Dealt to 1cf6aff6 
Dealt to Hero [Th Jh]
Dealt to 3dc605d7 
Dealt to fb10ee2c 
Dealt to ba8af0d9 
fb10ee2c: folds
ba8af0d9: folds
4e59284c: raises $0.1 to $0.2
1cf6aff6: folds
Hero: raises $0.8 to $1
3dc605d7: folds
4e59284c: calls $0.8
*** FLOP *** [Kh Qh Kc]
Hero: bets $0.7
4e59284c: folds
Uncalled bet ($0.7) returned to Hero
*** SHOWDOWN ***
Hero collected $2 from pot
*** SUMMARY ***
Total pot $2.1 | Rake $0.1 | Jackpot $0 | Bingo $0 | Fortune $0 | Tax $0
Board [Kh Qh Kc]
Seat 1: 4e59284c folded on the Flop
Seat 2: 1cf6aff6 (button) folded before Flop (didn't bet)
Seat 3: Hero (small blind) won ($2)
Seat 4: 3dc605d7 (big blind) folded before Flop
Seat 5: fb10ee2c folded before Flop (didn't bet)
Seat 6: ba8af0d9 folded before Flop (didn't bet)


Poker Hand #HD1773528366: Hold'em No Limit ($0.05/$0.1) - 2024/05/15 11:50:39
Table 'NLHRed8' 6-max Seat #1 is the button
Seat 1: 4e59284c ($10.37 in chips)
Seat 2: 1cf6aff6 ($10 in chips)
Seat 3: Hero ($21.59 in chips)
Seat 4: 3dc605d7 ($14.09 in chips)
Seat 5: fb10ee2c ($12.22 in chips)
Seat 6: ba8af0d9 ($10.83 in chips)
1cf6aff6: posts small blind $0.05
Hero: posts big blind $0.1
*** HOLE CARDS ***
Dealt to 4e59284c 
Dealt to 1cf6aff6 
Dealt to Hero [Qs 8s]
Dealt to 3dc605d7 
Dealt to fb10ee2c 
Dealt to ba8af0d9 
3dc605d7: folds
fb10ee2c: folds
ba8af0d9: raises $0.2 to $0.3
4e59284c: folds
1cf6aff6: folds
Hero: folds
Uncalled bet ($0.2) returned to ba8af0d9
*** SHOWDOWN ***
ba8af0d9 collected $0.25 from pot
*** SUMMARY ***
Total pot $0.25 | Rake $0 | Jackpot $0 | Bingo $0 | Fortune $0 | Tax $0
Seat 1: 4e59284c (button) folded before Flop (didn't bet)
Seat 2: 1cf6aff6 (small blind) folded before Flop
Seat 3: Hero (big blind) folded before Flop
Seat 4: 3dc605d7 folded before Flop (didn't bet)
Seat 5: fb10ee2c folded before Flop (didn't bet)
Seat 6: ba8af0d9 collected ($0.25)


Poker Hand #HD1773528329: Hold'em No Limit ($0.05/$0.1) - 2024/05/15 11:50:22
Table 'NLHRed8' 6-max Seat #6 is the button
Seat 1: 4e59284c ($10.27 in chips)
Seat 2: 1cf6aff6 ($10 in chips)
Seat 3: Hero ($21.59 in chips)
Seat 4: 3dc605d7 ($14.09 in chips)
Seat 5: fb10ee2c ($12.22 in chips)
Seat 6: ba8af0d9 ($10.83 in chips)
4e59284c: posts small blind $0.05
1cf6aff6: posts big blind $0.1
*** HOLE CARDS ***
Dealt to 4e59284c 
Dealt to 1cf6aff6 
Dealt to Hero [9s 2s]
Dealt to 3dc605d7 
Dealt to fb10ee2c 
Dealt to ba8af0d9 
Hero: folds
3dc605d7: folds
fb10ee2c: folds
ba8af0d9: folds
4e59284c: raises $0.2 to $0.3
1cf6aff6: folds
Uncalled bet ($0.2) returned to 4e59284c
*** SHOWDOWN ***
4e59284c collected $0.2 from pot
*** SUMMARY ***
Total pot $0.2 | Rake $0 | Jackpot $0 | Bingo $0 | Fortune $0 | Tax $0
Seat 1: 4e59284c (small blind) collected ($0.2)
Seat 2: 1cf6aff6 (big blind) folded before Flop
Seat 3: Hero folded before Flop (didn't bet)
Seat 4: 3dc605d7 folded before Flop (didn't bet)
Seat 5: fb10ee2c folded before Flop (didn't bet)
Seat 6: ba8af0d9 (button) folded before Flop (didn't bet)


Poker Hand #HD1773528274: Hold'em No Limit ($0.05/$0.1) - 2024/05/15 11:49:55
Table 'NLHRed8' 6-max Seat #5 is the button
Seat 1: 4e59284c ($10 in chips)
Seat 2: 1cf6aff6 ($10 in chips)
Seat 3: Hero ($21.59 in chips)
Seat 4: 3dc605d7 ($14.09 in chips)
Seat 5: fb10ee2c ($12.22 in chips)
Seat 6: ba8af0d9 ($11.13 in chips)
ba8af0d9: posts small blind $0.05
4e59284c: posts big blind $0.1
*** HOLE CARDS ***
Dealt to 4e59284c 
Dealt to 1cf6aff6 
Dealt to Hero [Tc 7d]
Dealt to 3dc605d7 
Dealt to fb10ee2c 
Dealt to ba8af0d9 
1cf6aff6: folds
Hero: folds
3dc605d7: folds
fb10ee2c: folds
ba8af0d9: raises $0.2 to $0.3
4e59284c: calls $0.2
*** FLOP *** [Ad Td 6h]
ba8af0d9: checks
4e59284c: bets $0.4
ba8af0d9: folds
Uncalled bet ($0.4) returned to 4e59284c
*** SHOWDOWN ***
4e59284c collected $0.57 from pot
*** SUMMARY ***
Total pot $0.6 | Rake $0.03 | Jackpot $0 | Bingo $0 | Fortune $0 | Tax $0
Board [Ad Td 6h]
Seat 1: 4e59284c (big blind) won ($0.57)
Seat 2: 1cf6aff6 folded before Flop (didn't bet)
Seat 3: Hero folded before Flop (didn't bet)
Seat 4: 3dc605d7 folded before Flop (didn't bet)
Seat 5: fb10ee2c (button) folded before Flop (didn't bet)
Seat 6: ba8af0d9 (small blind) folded on the Flop


Poker Hand #HD1773528242: Hold'em No Limit ($0.05/$0.1) - 2024/05/15 11:49:38
Table 'NLHRed8' 6-max Seat #4 is the button
Seat 1: 4e59284c ($10 in chips)
Seat 2: 1cf6aff6 ($10 in chips)
Seat 3: Hero ($21.59 in chips)
Seat 4: 3dc605d7 ($14.09 in chips)
Seat 5: fb10ee2c ($12.27 in chips)
Seat 6: ba8af0d9 ($11.08 in chips)
fb10ee2c: posts small blind $0.05
ba8af0d9: posts big blind $0.1
*** HOLE CARDS ***
Dealt to 4e59284c 
Dealt to 1cf6aff6 
Dealt to Hero [2h 2d]
Dealt to 3dc605d7 
Dealt to fb10ee2c 
Dealt to ba8af0d9 
4e59284c: folds
1cf6aff6: folds
Hero: folds
3dc605d7: folds
fb10ee2c: folds
Uncalled bet ($0.05) returned to ba8af0d9
*** SHOWDOWN ***
ba8af0d9 collected $0.1 from pot
*** SUMMARY ***
Total pot $0.1 | Rake $0 | Jackpot $0 | Bingo $0 | Fortune $0 | Tax $0
Seat 1: 4e59284c folded before Flop (didn't bet)
Seat 2: 1cf6aff6 folded before Flop (didn't bet)
Seat 3: Hero folded before Flop (didn't bet)
Seat 4: 3dc605d7 (button) folded before Flop (didn't bet)
Seat 5: fb10ee2c (small blind) folded before Flop
Seat 6: ba8af0d9 (big blind) collected ($0.1)


Poker Hand #HD1773528192: Hold'em No Limit ($0.05/$0.1) - 2024/05/15 11:49:09
Table 'NLHRed8' 6-max Seat #3 is the button
Seat 1: 4e59284c ($10 in chips)
Seat 2: 1cf6aff6 ($10 in chips)
Seat 3: Hero ($21.83 in chips)
Seat 4: 3dc605d7 ($14.14 in chips)
Seat 5: fb10ee2c ($12 in chips)
Seat 6: ba8af0d9 ($11.08 in chips)
3dc605d7: posts small blind $0.05
fb10ee2c: posts big blind $0.1
*** HOLE CARDS ***
Dealt to 4e59284c 
Dealt to 1cf6aff6 
Dealt to Hero [Kd 9c]
Dealt to 3dc605d7 
Dealt to fb10ee2c 
Dealt to ba8af0d9 
ba8af0d9: folds
4e59284c: folds
1cf6aff6: folds
Hero: raises $0.14 to $0.24
3dc605d7: folds
fb10ee2c: calls $0.14
*** FLOP *** [2d 6s Jh]
fb10ee2c: checks
Hero: checks
*** TURN *** [2d 6s Jh] [5c]
fb10ee2c: bets $0.27
Hero: folds
Uncalled bet ($0.27) returned to fb10ee2c
*** SHOWDOWN ***
fb10ee2c collected $0.51 from pot
*** SUMMARY ***
Total pot $0.53 | Rake $0.02 | Jackpot $0 | Bingo $0 | Fortune $0 | Tax $0
Board [2d 6s Jh 5c]
Seat 1: 4e59284c folded before Flop (didn't bet)
Seat 2: 1cf6aff6 folded before Flop (didn't bet)
Seat 3: Hero (button) folded on the Turn
Seat 4: 3dc605d7 (small blind) folded before Flop
Seat 5: fb10ee2c (big blind) won ($0.51)
Seat 6: ba8af0d9 folded before Flop (didn't bet)


Poker Hand #HD1773528149: Hold'em No Limit ($0.05/$0.1) - 2024/05/15 11:48:47
Table 'NLHRed8' 6-max Seat #2 is the button
Seat 1: 4e59284c ($10 in chips)
Seat 2: 1cf6aff6 ($10 in chips)
Seat 3: Hero ($21.88 in chips)
Seat 4: 3dc605d7 ($14.24 in chips)
Seat 5: fb10ee2c ($11.85 in chips)
Seat 6: ba8af0d9 ($11.08 in chips)
Hero: posts small blind $0.05
3dc605d7: posts big blind $0.1
*** HOLE CARDS ***
Dealt to 4e59284c 
Dealt to 1cf6aff6 
Dealt to Hero [2c 6c]
Dealt to 3dc605d7 
Dealt to fb10ee2c 
Dealt to ba8af0d9 
fb10ee2c: raises $0.15 to $0.25
ba8af0d9: folds
4e59284c: folds
1cf6aff6: folds
Hero: folds
3dc605d7: folds
Uncalled bet ($0.15) returned to fb10ee2c
*** SHOWDOWN ***
fb10ee2c collected $0.25 from pot
*** SUMMARY ***
Total pot $0.25 | Rake $0 | Jackpot $0 | Bingo $0 | Fortune $0 | Tax $0
Seat 1: 4e59284c folded before Flop (didn't bet)
Seat 2: 1cf6aff6 (button) folded before Flop (didn't bet)
Seat 3: Hero (small blind) folded before Flop
Seat 4: 3dc605d7 (big blind) folded before Flop
Seat 5: fb10ee2c collected ($0.25)
Seat 6: ba8af0d9 folded before Flop (didn't bet)


Poker Hand #HD1773528123: Hold'em No Limit ($0.05/$0.1) - 2024/05/15 11:48:31
Table 'NLHRed8' 6-max Seat #1 is the button
Seat 1: 4e59284c ($10 in chips)
Seat 2: 1cf6aff6 ($10 in chips)
Seat 3: Hero ($21.98 in chips)
Seat 4: 3dc605d7 ($14.24 in chips)
Seat 5: fb10ee2c ($11.85 in chips)
Seat 6: ba8af0d9 ($10.93 in chips)
1cf6aff6: posts small blind $0.05
Hero: posts big blind $0.1
*** HOLE CARDS ***
Dealt to 4e59284c 
Dealt to 1cf6aff6 
Dealt to Hero [7c 2c]
Dealt to 3dc605d7 
Dealt to fb10ee2c 
Dealt to ba8af0d9 
3dc605d7: folds
fb10ee2c: folds
ba8af0d9: raises $0.13 to $0.23
4e59284c: folds
1cf6aff6: folds
Hero: folds
Uncalled bet ($0.13) returned to ba8af0d9
*** SHOWDOWN ***
ba8af0d9 collected $0.25 from pot
*** SUMMARY ***
Total pot $0.25 | Rake $0 | Jackpot $0 | Bingo $0 | Fortune $0 | Tax $0
Seat 1: 4e59284c (button) folded before Flop (didn't bet)
Seat 2: 1cf6aff6 (small blind) folded before Flop
Seat 3: Hero (big blind) folded before Flop
Seat 4: 3dc605d7 folded before Flop (didn't bet)
Seat 5: fb10ee2c folded before Flop (didn't bet)
Seat 6: ba8af0d9 collected ($0.25)


Poker Hand #HD1773528078: Hold'em No Limit ($0.05/$0.1) - 2024/05/15 11:48:07
Table 'NLHRed8' 6-max Seat #6 is the button
Seat 1: 4e59284c ($10 in chips)
Seat 2: 1cf6aff6 ($10 in chips)
Seat 3: Hero ($21.98 in chips)
Seat 4: 3dc605d7 ($14.24 in chips)
Seat 5: fb10ee2c ($11.7 in chips)
Seat 6: ba8af0d9 ($10.93 in chips)
4e59284c: posts small blind $0.05
1cf6aff6: posts big blind $0.1
*** HOLE CARDS ***
Dealt to 4e59284c 
Dealt to 1cf6aff6 
Dealt to Hero [Td 9s]
Dealt to 3dc605d7 
Dealt to fb10ee2c 
Dealt to ba8af0d9 
Hero: folds
3dc605d7: folds
fb10ee2c: raises $0.15 to $0.25
ba8af0d9: folds
4e59284c: folds
1cf6aff6: folds
Uncalled bet ($0.15) returned to fb10ee2c
*** SHOWDOWN ***
fb10ee2c collected $0.25 from pot
*** SUMMARY ***
Total pot $0.25 | Rake $0 | Jackpot $0 | Bingo $0 | Fortune $0 | Tax $0
Seat 1: 4e59284c (small blind) folded before Flop
Seat 2: 1cf6aff6 (big blind) folded before Flop
Seat 3: Hero folded before Flop (didn't bet)
Seat 4: 3dc605d7 folded before Flop (didn't bet)
Seat 5: fb10ee2c collected ($0.25)
Seat 6: ba8af0d9 (button) folded before Flop (didn't bet)


Poker Hand #HD1773527864: Hold'em No Limit ($0.05/$0.1) - 2024/05/15 11:46:19
Table 'NLHRed8' 6-max Seat #5 is the button
Seat 1: 4e59284c ($10.3 in chips)
Seat 2: 1cf6aff6 ($10 in chips)
Seat 3: Hero ($18.31 in chips)
Seat 4: 3dc605d7 ($14.24 in chips)
Seat 5: fb10ee2c ($11.9 in chips)
Seat 6: ba8af0d9 ($10.98 in chips)
ba8af0d9: posts small blind $0.05
4e59284c: posts big blind $0.1
*** HOLE CARDS ***
Dealt to 4e59284c 
Dealt to 1cf6aff6 
Dealt to Hero [Qc As]
Dealt to 3dc605d7 
Dealt to fb10ee2c 
Dealt to ba8af0d9 
1cf6aff6: folds
Hero: raises $0.1 to $0.2
3dc605d7: folds
fb10ee2c: calls $0.2
ba8af0d9: folds
4e59284c: calls $0.1
*** FLOP *** [Ts 2s Qd]
4e59284c: checks
Hero: bets $0.22
fb10ee2c: folds
4e59284c: calls $0.22
*** TURN *** [Ts 2s Qd] [5c]
4e59284c: checks
Hero: bets $0.8
4e59284c: calls $0.8
*** RIVER *** [Ts 2s Qd 5c] [6h]
4e59284c: bets $2.69
Hero: calls $2.69
4e59284c: shows [4h 4s] (Pair of Fours)
Hero: shows [Qc As] (Pair of Queens)
*** SHOWDOWN ***
Hero collected $7.58 from pot
*** SUMMARY ***
Total pot $8.07 | Rake $0.39 | Jackpot $0.1 | Bingo $0 | Fortune $0 | Tax $0
Board [Ts 2s Qd 5c 6h]
Seat 1: 4e59284c (big blind) showed [4h 4s] and lost with Pair of Fours
Seat 2: 1cf6aff6 folded before Flop (didn't bet)
Seat 3: Hero showed [Qc As] and won ($7.58) with Pair of Queens
Seat 4: 3dc605d7 folded before Flop (didn't bet)
Seat 5: fb10ee2c (button) folded on the Flop
Seat 6: ba8af0d9 (small blind) folded before Flop


Poker Hand #HD1773527833: Hold'em No Limit ($0.05/$0.1) - 2024/05/15 11:46:00
Table 'NLHRed8' 6-max Seat #4 is the button
Seat 1: 4e59284c ($10.3 in chips)
Seat 2: 1cf6aff6 ($10 in chips)
Seat 3: Hero ($18.31 in chips)
Seat 4: 3dc605d7 ($14.09 in chips)
Seat 5: fb10ee2c ($11.95 in chips)
Seat 6: ba8af0d9 ($11.08 in chips)
fb10ee2c: posts small blind $0.05
ba8af0d9: posts big blind $0.1
*** HOLE CARDS ***
Dealt to 4e59284c 
Dealt to 1cf6aff6 
Dealt to Hero [3d 5d]
Dealt to 3dc605d7 
Dealt to fb10ee2c 
Dealt to ba8af0d9 
4e59284c: folds
1cf6aff6: folds
Hero: folds
3dc605d7: raises $0.16 to $0.26
fb10ee2c: folds
ba8af0d9: folds
Uncalled bet ($0.16) returned to 3dc605d7
*** SHOWDOWN ***
3dc605d7 collected $0.25 from pot
*** SUMMARY ***
Total pot $0.25 | Rake $0 | Jackpot $0 | Bingo $0 | Fortune $0 | Tax $0
Seat 1: 4e59284c folded before Flop (didn't bet)
Seat 2: 1cf6aff6 folded before Flop (didn't bet)
Seat 3: Hero folded before Flop (didn't bet)
Seat 4: 3dc605d7 (button) collected ($0.25)
Seat 5: fb10ee2c (small blind) folded before Flop
Seat 6: ba8af0d9 (big blind) folded before Flop


Poker Hand #HD1773527777: Hold'em No Limit ($0.05/$0.1) - 2024/05/15 11:45:33
Table 'NLHRed8' 6-max Seat #3 is the button
Seat 1: 4e59284c ($10.3 in chips)
Seat 2: 1cf6aff6 ($10 in chips)
Seat 3: Hero ($18.31 in chips)
Seat 4: 3dc605d7 ($14.14 in chips)
Seat 5: fb10ee2c ($11.69 in chips)
Seat 6: ba8af0d9 ($11.31 in chips)
3dc605d7: posts small blind $0.05
fb10ee2c: posts big blind $0.1
*** HOLE CARDS ***
Dealt to 4e59284c 
Dealt to 1cf6aff6 
Dealt to Hero [4h 9h]
Dealt to 3dc605d7 
Dealt to fb10ee2c 
Dealt to ba8af0d9 
ba8af0d9: raises $0.13 to $0.23
4e59284c: folds
1cf6aff6: folds
Hero: folds
3dc605d7: folds
fb10ee2c: calls $0.13
*** FLOP *** [Tc 5h 8d]
fb10ee2c: checks
ba8af0d9: checks
*** TURN *** [Tc 5h 8d] [4c]
fb10ee2c: bets $0.39
ba8af0d9: folds
Uncalled bet ($0.39) returned to fb10ee2c
*** SHOWDOWN ***
fb10ee2c collected $0.49 from pot
*** SUMMARY ***
Total pot $0.51 | Rake $0.02 | Jackpot $0 | Bingo $0 | Fortune $0 | Tax $0
Board [Tc 5h 8d 4c]
Seat 1: 4e59284c folded before Flop (didn't bet)
Seat 2: 1cf6aff6 folded before Flop (didn't bet)
Seat 3: Hero (button) folded before Flop (didn't bet)
Seat 4: 3dc605d7 (small blind) folded before Flop
Seat 5: fb10ee2c (big blind) won ($0.49)
Seat 6: ba8af0d9 folded on the Turn


Poker Hand #HD1773527743: Hold'em No Limit ($0.05/$0.1) - 2024/05/15 11:45:15
Table 'NLHRed8' 6-max Seat #2 is the button
Seat 1: 4e59284c ($10.15 in chips)
Seat 2: 1cf6aff6 ($10 in chips)
Seat 3: Hero ($18.36 in chips)
Seat 4: 3dc605d7 ($14.24 in chips)
Seat 5: fb10ee2c ($11.69 in chips)
Seat 6: ba8af0d9 ($11.31 in chips)
Hero: posts small blind $0.05
3dc605d7: posts big blind $0.1
*** HOLE CARDS ***
Dealt to 4e59284c 
Dealt to 1cf6aff6 
Dealt to Hero [Jd 4d]
Dealt to 3dc605d7 
Dealt to fb10ee2c 
Dealt to ba8af0d9 
fb10ee2c: folds
ba8af0d9: folds
4e59284c: raises $0.2 to $0.3
1cf6aff6: folds
Hero: folds
3dc605d7: folds
Uncalled bet ($0.2) returned to 4e59284c
*** SHOWDOWN ***
4e59284c collected $0.25 from pot
*** SUMMARY ***
Total pot $0.25 | Rake $0 | Jackpot $0 | Bingo $0 | Fortune $0 | Tax $0
Seat 1: 4e59284c collected ($0.25)
Seat 2: 1cf6aff6 (button) folded before Flop (didn't bet)
Seat 3: Hero (small blind) folded before Flop
Seat 4: 3dc605d7 (big blind) folded before Flop
Seat 5: fb10ee2c folded before Flop (didn't bet)
Seat 6: ba8af0d9 folded before Flop (didn't bet)


Poker Hand #HD1773527711: Hold'em No Limit ($0.05/$0.1) - 2024/05/15 11:45:01
Table 'NLHRed8' 6-max Seat #1 is the button
Seat 1: 4e59284c ($10.15 in chips)
Seat 2: 1cf6aff6 ($10 in chips)
Seat 3: Hero ($18.46 in chips)
Seat 4: 3dc605d7 ($14.24 in chips)
Seat 5: fb10ee2c ($11.54 in chips)
Seat 6: ba8af0d9 ($11.31 in chips)
1cf6aff6: posts small blind $0.05
Hero: posts big blind $0.1
*** HOLE CARDS ***
Dealt to 4e59284c 
Dealt to 1cf6aff6 
Dealt to Hero [8c Ts]
Dealt to 3dc605d7 
Dealt to fb10ee2c 
Dealt to ba8af0d9 
3dc605d7: folds
fb10ee2c: raises $0.2 to $0.3
ba8af0d9: folds
4e59284c: folds
1cf6aff6: folds
Hero: folds
Uncalled bet ($0.2) returned to fb10ee2c
*** SHOWDOWN ***
fb10ee2c collected $0.25 from pot
*** SUMMARY ***
Total pot $0.25 | Rake $0 | Jackpot $0 | Bingo $0 | Fortune $0 | Tax $0
Seat 1: 4e59284c (button) folded before Flop (didn't bet)
Seat 2: 1cf6aff6 (small blind) folded before Flop
Seat 3: Hero (big blind) folded before Flop
Seat 4: 3dc605d7 folded before Flop (didn't bet)
Seat 5: fb10ee2c collected ($0.25)
Seat 6: ba8af0d9 folded before Flop (didn't bet)


Poker Hand #HD1773527670: Hold'em No Limit ($0.05/$0.1) - 2024/05/15 11:44:43
Table 'NLHRed8' 6-max Seat #6 is the button
Seat 1: 4e59284c ($10.05 in chips)
Seat 2: 1cf6aff6 ($10 in chips)
Seat 3: Hero ($18.46 in chips)
Seat 4: 3dc605d7 ($14.24 in chips)
Seat 5: fb10ee2c ($11.54 in chips)
Seat 6: ba8af0d9 ($11.31 in chips)
4e59284c: posts small blind $0.05
1cf6aff6: posts big blind $0.1
*** HOLE CARDS ***
Dealt to 4e59284c 
Dealt to 1cf6aff6 
Dealt to Hero [4s 7d]
Dealt to 3dc605d7 
Dealt to fb10ee2c 
Dealt to ba8af0d9 
Hero: folds
3dc605d7: folds
fb10ee2c: folds
ba8af0d9: folds
4e59284c: raises $0.2 to $0.3
1cf6aff6: folds
Uncalled bet ($0.2) returned to 4e59284c
*** SHOWDOWN ***
4e59284c collected $0.2 from pot
*** SUMMARY ***
Total pot $0.2 | Rake $0 | Jackpot $0 | Bingo $0 | Fortune $0 | Tax $0
Seat 1: 4e59284c (small blind) collected ($0.2)
Seat 2: 1cf6aff6 (big blind) folded before Flop
Seat 3: Hero folded before Flop (didn't bet)
Seat 4: 3dc605d7 folded before Flop (didn't bet)
Seat 5: fb10ee2c folded before Flop (didn't bet)
Seat 6: ba8af0d9 (button) folded before Flop (didn't bet)


Poker Hand #HD1773527650: Hold'em No Limit ($0.05/$0.1) - 2024/05/15 11:44:30
Table 'NLHRed8' 6-max Seat #5 is the button
Seat 1: 4e59284c ($10.15 in chips)
Seat 2: 1cf6aff6 ($10 in chips)
Seat 3: Hero ($18.46 in chips)
Seat 4: 3dc605d7 ($14.24 in chips)
Seat 5: fb10ee2c ($11.54 in chips)
Seat 6: ba8af0d9 ($11.21 in chips)
ba8af0d9: posts small blind $0.05
4e59284c: posts big blind $0.1
*** HOLE CARDS ***
Dealt to 4e59284c 
Dealt to 1cf6aff6 
Dealt to Hero [8s Tc]
Dealt to 3dc605d7 
Dealt to fb10ee2c 
Dealt to ba8af0d9 
1cf6aff6: folds
Hero: folds
3dc605d7: folds
fb10ee2c: folds
ba8af0d9: raises $0.2 to $0.3
4e59284c: folds
Uncalled bet ($0.2) returned to ba8af0d9
*** SHOWDOWN ***
ba8af0d9 collected $0.2 from pot
*** SUMMARY ***
Total pot $0.2 | Rake $0 | Jackpot $0 | Bingo $0 | Fortune $0 | Tax $0
Seat 1: 4e59284c (big blind) folded before Flop
Seat 2: 1cf6aff6 folded before Flop (didn't bet)
Seat 3: Hero folded before Flop (didn't bet)
Seat 4: 3dc605d7 folded before Flop (didn't bet)
Seat 5: fb10ee2c (button) folded before Flop (didn't bet)
Seat 6: ba8af0d9 (small blind) collected ($0.2)


Poker Hand #HD1773527605: Hold'em No Limit ($0.05/$0.1) - 2024/05/15 11:44:07
Table 'NLHRed8' 6-max Seat #4 is the button
Seat 1: 4e59284c ($10 in chips)
Seat 2: 1cf6aff6 ($10 in chips)
Seat 3: Hero ($18.46 in chips)
Seat 4: 3dc605d7 ($14.24 in chips)
Seat 5: fb10ee2c ($11.59 in chips)
Seat 6: ba8af0d9 ($11.31 in chips)
fb10ee2c: posts small blind $0.05
ba8af0d9: posts big blind $0.1
*** HOLE CARDS ***
Dealt to 4e59284c 
Dealt to 1cf6aff6 
Dealt to Hero [Ts 7d]
Dealt to 3dc605d7 
Dealt to fb10ee2c 
Dealt to ba8af0d9 
4e59284c: raises $0.1 to $0.2
1cf6aff6: folds
Hero: folds
3dc605d7: folds
fb10ee2c: folds
ba8af0d9: folds
Uncalled bet ($0.1) returned to 4e59284c
*** SHOWDOWN ***
4e59284c collected $0.25 from pot
*** SUMMARY ***
Total pot $0.25 | Rake $0 | Jackpot $0 | Bingo $0 | Fortune $0 | Tax $0
Seat 1: 4e59284c collected ($0.25)
Seat 2: 1cf6aff6 folded before Flop (didn't bet)
Seat 3: Hero folded before Flop (didn't bet)
Seat 4: 3dc605d7 (button) folded before Flop (didn't bet)
Seat 5: fb10ee2c (small blind) folded before Flop
Seat 6: ba8af0d9 (big blind) folded before Flop


Poker Hand #HD1773527545: Hold'em No Limit ($0.05/$0.1) - 2024/05/15 11:43:42
Table 'NLHRed8' 6-max Seat #3 is the button
Seat 1: 4e59284c ($10 in chips)
Seat 2: 1cf6aff6 ($10 in chips)
Seat 3: Hero ($18.7 in chips)
Seat 4: 3dc605d7 ($13.92 in chips)
Seat 5: fb10ee2c ($11.69 in chips)
Seat 6: ba8af0d9 ($11.31 in chips)
3dc605d7: posts small blind $0.05
fb10ee2c: posts big blind $0.1
*** HOLE CARDS ***
Dealt to 4e59284c 
Dealt to 1cf6aff6 
Dealt to Hero [9s Jh]
Dealt to 3dc605d7 
Dealt to fb10ee2c 
Dealt to ba8af0d9 
ba8af0d9: folds
4e59284c: folds
1cf6aff6: folds
Hero: raises $0.14 to $0.24
3dc605d7: raises $0.82 to $1.06
fb10ee2c: folds
Hero: folds
Uncalled bet ($0.82) returned to 3dc605d7
*** SHOWDOWN ***
3dc605d7 collected $0.56 from pot
*** SUMMARY ***
Total pot $0.58 | Rake $0.02 | Jackpot $0 | Bingo $0 | Fortune $0 | Tax $0
Seat 1: 4e59284c folded before Flop (didn't bet)
Seat 2: 1cf6aff6 folded before Flop (didn't bet)
Seat 3: Hero (button) folded before Flop
Seat 4: 3dc605d7 (small blind) collected ($0.56)
Seat 5: fb10ee2c (big blind) folded before Flop
Seat 6: ba8af0d9 folded before Flop (didn't bet)


Poker Hand #HD1773527535: Hold'em No Limit ($0.05/$0.1) - 2024/05/15 11:43:33
Table 'NLHRed8' 6-max Seat #2 is the button
Seat 1: 4e59284c ($10 in chips)
Seat 2: 1cf6aff6 ($10 in chips)
Seat 3: Hero ($18.75 in chips)
Seat 4: 3dc605d7 ($13.87 in chips)
Seat 5: fb10ee2c ($11.69 in chips)
Seat 6: ba8af0d9 ($11.31 in chips)
Hero: posts small blind $0.05
3dc605d7: posts big blind $0.1
*** HOLE CARDS ***
Dealt to 4e59284c 
Dealt to 1cf6aff6 
Dealt to Hero [Kc 7d]
Dealt to 3dc605d7 
Dealt to fb10ee2c 
Dealt to ba8af0d9 
fb10ee2c: folds
ba8af0d9: folds
4e59284c: folds
1cf6aff6: folds
Hero: folds
Uncalled bet ($0.05) returned to 3dc605d7
*** SHOWDOWN ***
3dc605d7 collected $0.1 from pot
*** SUMMARY ***
Total pot $0.1 | Rake $0 | Jackpot $0 | Bingo $0 | Fortune $0 | Tax $0
Seat 1: 4e59284c folded before Flop (didn't bet)
Seat 2: 1cf6aff6 (button) folded before Flop (didn't bet)
Seat 3: Hero (small blind) folded before Flop
Seat 4: 3dc605d7 (big blind) collected ($0.1)
Seat 5: fb10ee2c folded before Flop (didn't bet)
Seat 6: ba8af0d9 folded before Flop (didn't bet)


Poker Hand #HD1773527400: Hold'em No Limit ($0.05/$0.1) - 2024/05/15 11:42:26
Table 'NLHRed8' 6-max Seat #1 is the button
Seat 1: 4e59284c ($10 in chips)
Seat 2: 1cf6aff6 ($13.94 in chips)
Seat 3: Hero ($18.85 in chips)
Seat 4: 3dc605d7 ($13.87 in chips)
Seat 5: fb10ee2c ($6.19 in chips)
Seat 6: ba8af0d9 ($11.31 in chips)
1cf6aff6: posts small blind $0.05
Hero: posts big blind $0.1
*** HOLE CARDS ***
Dealt to 4e59284c 
Dealt to 1cf6aff6 
Dealt to Hero [As 3c]
Dealt to 3dc605d7 
Dealt to fb10ee2c 
Dealt to ba8af0d9 
3dc605d7: folds
fb10ee2c: raises $0.2 to $0.3
ba8af0d9: folds
4e59284c: folds
1cf6aff6: raises $1 to $1.3
Hero: folds
fb10ee2c: calls $1
*** FLOP *** [4d 8s Tc]
1cf6aff6: bets $0.6
fb10ee2c: calls $0.6
*** TURN *** [4d 8s Tc] [9h]
1cf6aff6: bets $4.4
fb10ee2c: calls $4.29 and is all-in
Uncalled bet ($0.11) returned to 1cf6aff6
1cf6aff6: shows [Ad Ac] (Pair of Aces)
fb10ee2c: shows [Qs Jh] (Queens-High Straight)
*** RIVER *** [4d 8s Tc 9h] [Ts]
*** SHOWDOWN ***
fb10ee2c collected $11.69 from pot
*** SUMMARY ***
Total pot $12.48 | Rake $0.61 | Jackpot $0.1 | Bingo $0 | Fortune $0 | Tax $0.08
Board [4d 8s Tc 9h Ts]
Seat 1: 4e59284c (button) folded before Flop (didn't bet)
Seat 2: 1cf6aff6 (small blind) showed [Ad Ac] and lost with Pair of Aces and Pair of Tens
Seat 3: Hero (big blind) folded before Flop
Seat 4: 3dc605d7 folded before Flop (didn't bet)
Seat 5: fb10ee2c showed [Qs Jh] and won ($11.69) with Queens-High Straight
Seat 6: ba8af0d9 folded before Flop (didn't bet)


Poker Hand #HD1773527365: Hold'em No Limit ($0.05/$0.1) - 2024/05/15 11:42:09
Table 'NLHRed8' 6-max Seat #6 is the button
Seat 1: 4e59284c ($10 in chips)
Seat 2: 1cf6aff6 ($14.04 in chips)
Seat 3: Hero ($18.85 in chips)
Seat 4: 3dc605d7 ($13.87 in chips)
Seat 5: fb10ee2c ($6.04 in chips)
Seat 6: ba8af0d9 ($11.31 in chips)
4e59284c: posts small blind $0.05
1cf6aff6: posts big blind $0.1
*** HOLE CARDS ***
Dealt to 4e59284c 
Dealt to 1cf6aff6 
Dealt to Hero [Jh 3h]
Dealt to 3dc605d7 
Dealt to fb10ee2c 
Dealt to ba8af0d9 
Hero: folds
3dc605d7: folds
fb10ee2c: raises $0.2 to $0.3
ba8af0d9: folds
4e59284c: folds
1cf6aff6: folds
Uncalled bet ($0.2) returned to fb10ee2c
*** SHOWDOWN ***
fb10ee2c collected $0.25 from pot
*** SUMMARY ***
Total pot $0.25 | Rake $0 | Jackpot $0 | Bingo $0 | Fortune $0 | Tax $0
Seat 1: 4e59284c (small blind) folded before Flop
Seat 2: 1cf6aff6 (big blind) folded before Flop
Seat 3: Hero folded before Flop (didn't bet)
Seat 4: 3dc605d7 folded before Flop (didn't bet)
Seat 5: fb10ee2c collected ($0.25)
Seat 6: ba8af0d9 (button) folded before Flop (didn't bet)


Poker Hand #HD1773527252: Hold'em No Limit ($0.05/$0.1) - 2024/05/15 11:41:12
Table 'NLHRed8' 6-max Seat #5 is the button
Seat 1: 4e59284c ($10 in chips)
Seat 2: 1cf6aff6 ($14.04 in chips)
Seat 3: Hero ($18.85 in chips)
Seat 4: 3dc605d7 ($13.87 in chips)
Seat 5: fb10ee2c ($7.39 in chips)
Seat 6: ba8af0d9 ($10 in chips)
ba8af0d9: posts small blind $0.05
4e59284c: posts big blind $0.1
*** HOLE CARDS ***
Dealt to 4e59284c 
Dealt to 1cf6aff6 
Dealt to Hero [4s Kh]
Dealt to 3dc605d7 
Dealt to fb10ee2c 
Dealt to ba8af0d9 
1cf6aff6: folds
Hero: folds
3dc605d7: folds
fb10ee2c: raises $0.2 to $0.3
ba8af0d9: calls $0.25
4e59284c: folds
*** FLOP *** [3c Ad Kd]
ba8af0d9: checks
fb10ee2c: bets $0.35
ba8af0d9: calls $0.35
*** TURN *** [3c Ad Kd] [4h]
ba8af0d9: checks
fb10ee2c: bets $0.7
ba8af0d9: calls $0.7
*** RIVER *** [3c Ad Kd 4h] [9c]
ba8af0d9: checks
fb10ee2c: checks
ba8af0d9: shows [7h Ah] (Pair of Aces)
fb10ee2c: shows [Js 8s] (Ace-High)
*** SHOWDOWN ***
ba8af0d9 collected $2.66 from pot
*** SUMMARY ***
Total pot $2.8 | Rake $0.14 | Jackpot $0 | Bingo $0 | Fortune $0 | Tax $0
Board [3c Ad Kd 4h 9c]
Seat 1: 4e59284c (big blind) folded before Flop
Seat 2: 1cf6aff6 folded before Flop (didn't bet)
Seat 3: Hero folded before Flop (didn't bet)
Seat 4: 3dc605d7 folded before Flop (didn't bet)
Seat 5: fb10ee2c (button) showed [Js 8s] and lost with Ace-High
Seat 6: ba8af0d9 (small blind) showed [7h Ah] and won ($2.66) with Pair of Aces


Poker Hand #HD1773527123: Hold'em No Limit ($0.05/$0.1) - 2024/05/15 11:40:04
Table 'NLHRed8' 6-max Seat #4 is the button
Seat 1: 4e59284c ($10 in chips)
Seat 2: 1cf6aff6 ($14.04 in chips)
Seat 3: Hero ($16.68 in chips)
Seat 4: 3dc605d7 ($13.87 in chips)
Seat 5: fb10ee2c ($9.8 in chips)
Seat 6: ba8af0d9 ($10 in chips)
fb10ee2c: posts small blind $0.05
ba8af0d9: posts big blind $0.1
*** HOLE CARDS ***
Dealt to 4e59284c 
Dealt to 1cf6aff6 
Dealt to Hero [5c Ac]
Dealt to 3dc605d7 
Dealt to fb10ee2c 
Dealt to ba8af0d9 
4e59284c: folds
1cf6aff6: folds
Hero: raises $0.14 to $0.24
3dc605d7: folds
fb10ee2c: calls $0.19
ba8af0d9: folds
*** FLOP *** [5d 6h Ah]
fb10ee2c: checks
Hero: bets $0.2
fb10ee2c: raises $0.74 to $0.94
Hero: calls $0.74
*** TURN *** [5d 6h Ah] [8s]
fb10ee2c: bets $1.23
Hero: calls $1.23
*** RIVER *** [5d 6h Ah 8s] [6c]
fb10ee2c: checks
Hero: checks
fb10ee2c: shows [8h 9h] (Pair of Eights and Pair of Sixes)
Hero: shows [5c Ac] (Pair of Aces and Pair of Sixes)
*** SHOWDOWN ***
Hero collected $4.58 from pot
*** SUMMARY ***
Total pot $4.92 | Rake $0.24 | Jackpot $0.1 | Bingo $0 | Fortune $0 | Tax $0
Board [5d 6h Ah 8s 6c]
Seat 1: 4e59284c folded before Flop (didn't bet)
Seat 2: 1cf6aff6 folded before Flop (didn't bet)
Seat 3: Hero showed [5c Ac] and won ($4.58) with Pair of Aces and Pair of Sixes
Seat 4: 3dc605d7 (button) folded before Flop (didn't bet)
Seat 5: fb10ee2c (small blind) showed [8h 9h] and lost with Pair of Eights and Pair of Sixes
Seat 6: ba8af0d9 (big blind) folded before Flop


Poker Hand #HD1773527017: Hold'em No Limit ($0.05/$0.1) - 2024/05/15 11:39:13
Table 'NLHRed8' 6-max Seat #3 is the button
Seat 1: 4e59284c ($10 in chips)
Seat 2: 1cf6aff6 ($14.04 in chips)
Seat 3: Hero ($16.68 in chips)
Seat 4: 3dc605d7 ($11.79 in chips)
Seat 5: fb10ee2c ($9.9 in chips)
Seat 6: ba8af0d9 ($10.1 in chips)
3dc605d7: posts small blind $0.05
fb10ee2c: posts big blind $0.1
4e59284c: posts big blind $0.1
*** HOLE CARDS ***
Dealt to 4e59284c 
Dealt to 1cf6aff6 
Dealt to Hero [4c Qh]
Dealt to 3dc605d7 
Dealt to fb10ee2c 
Dealt to ba8af0d9 
ba8af0d9: calls $0.1
4e59284c: checks
1cf6aff6: folds
Hero: folds
3dc605d7: raises $0.5 to $0.6
fb10ee2c: folds
ba8af0d9: folds
4e59284c: calls $0.5
*** FLOP *** [8h 3h 7h]
3dc605d7: bets $0.68
4e59284c: calls $0.68
*** TURN *** [8h 3h 7h] [2c]
3dc605d7: checks
4e59284c: checks
*** RIVER *** [8h 3h 7h 2c] [Tc]
3dc605d7: bets $0.92
4e59284c: calls $0.92
3dc605d7: shows [Jc Jd] (Pair of Jacks)
4e59284c: shows [3c 5c] (Pair of Treys)
*** SHOWDOWN ***
3dc605d7 collected $4.28 from pot
*** SUMMARY ***
Total pot $4.6 | Rake $0.22 | Jackpot $0.1 | Bingo $0 | Fortune $0 | Tax $0
Board [8h 3h 7h 2c Tc]
Seat 1: 4e59284c showed [3c 5c] and lost with Pair of Treys
Seat 2: 1cf6aff6 folded before Flop (didn't bet)
Seat 3: Hero (button) folded before Flop (didn't bet)
Seat 4: 3dc605d7 (small blind) showed [Jc Jd] and won ($4.28) with Pair of Jacks
Seat 5: fb10ee2c (big blind) folded before Flop
Seat 6: ba8af0d9 folded before Flop


Poker Hand #HD1773526994: Hold'em No Limit ($0.05/$0.1) - 2024/05/15 11:38:59
Table 'NLHRed8' 6-max Seat #2 is the button
Seat 2: 1cf6aff6 ($13.89 in chips)
Seat 3: Hero ($16.73 in chips)
Seat 4: 3dc605d7 ($11.89 in chips)
Seat 5: fb10ee2c ($9.9 in chips)
Seat 6: ba8af0d9 ($10.1 in chips)
Hero: posts small blind $0.05
3dc605d7: posts big blind $0.1
*** HOLE CARDS ***
Dealt to 1cf6aff6 
Dealt to Hero [4s Jc]
Dealt to 3dc605d7 
Dealt to fb10ee2c 
Dealt to ba8af0d9 
fb10ee2c: folds
ba8af0d9: folds
1cf6aff6: raises $0.15 to $0.25
Hero: folds
3dc605d7: folds
Uncalled bet ($0.15) returned to 1cf6aff6
*** SHOWDOWN ***
1cf6aff6 collected $0.25 from pot
*** SUMMARY ***
Total pot $0.25 | Rake $0 | Jackpot $0 | Bingo $0 | Fortune $0 | Tax $0
Seat 2: 1cf6aff6 (button) collected ($0.25)
Seat 3: Hero (small blind) folded before Flop
Seat 4: 3dc605d7 (big blind) folded before Flop
Seat 5: fb10ee2c folded before Flop (didn't bet)
Seat 6: ba8af0d9 folded before Flop (didn't bet)


Poker Hand #HD1773526932: Hold'em No Limit ($0.05/$0.1) - 2024/05/15 11:38:31
Table 'NLHRed8' 6-max Seat #6 is the button
Seat 2: 1cf6aff6 ($13.7 in chips)
Seat 3: Hero ($16.83 in chips)
Seat 4: 3dc605d7 ($11.89 in chips)
Seat 5: fb10ee2c ($10 in chips)
Seat 6: ba8af0d9 ($10.1 in chips)
1cf6aff6: posts small blind $0.05
Hero: posts big blind $0.1
fb10ee2c: posts big blind $0.1
*** HOLE CARDS ***
Dealt to 1cf6aff6 
Dealt to Hero [Kc 9d]
Dealt to 3dc605d7 
Dealt to fb10ee2c 
Dealt to ba8af0d9 
3dc605d7: folds
fb10ee2c: checks
ba8af0d9: folds
1cf6aff6: raises $0.4 to $0.5
Hero: folds
fb10ee2c: folds
Uncalled bet ($0.4) returned to 1cf6aff6
*** SHOWDOWN ***
1cf6aff6 collected $0.29 from pot
*** SUMMARY ***
Total pot $0.3 | Rake $0.01 | Jackpot $0 | Bingo $0 | Fortune $0 | Tax $0
Seat 2: 1cf6aff6 (small blind) collected ($0.29)
Seat 3: Hero (big blind) folded before Flop
Seat 4: 3dc605d7 folded before Flop (didn't bet)
Seat 5: fb10ee2c folded before Flop
Seat 6: ba8af0d9 (button) folded before Flop (didn't bet)


Poker Hand #HD1773526913: Hold'em No Limit ($0.05/$0.1) - 2024/05/15 11:38:19
Table 'NLHRed8' 6-max Seat #4 is the button
Seat 2: 1cf6aff6 ($13.8 in chips)
Seat 3: Hero ($16.83 in chips)
Seat 4: 3dc605d7 ($11.89 in chips)
Seat 6: ba8af0d9 ($10 in chips)
ba8af0d9: posts small blind $0.05
1cf6aff6: posts big blind $0.1
*** HOLE CARDS ***
Dealt to 1cf6aff6 
Dealt to Hero [6d 7d]
Dealt to 3dc605d7 
Dealt to ba8af0d9 
Hero: folds
3dc605d7: folds
ba8af0d9: raises $0.13 to $0.23
1cf6aff6: folds
Uncalled bet ($0.13) returned to ba8af0d9
*** SHOWDOWN ***
ba8af0d9 collected $0.2 from pot
*** SUMMARY ***
Total pot $0.2 | Rake $0 | Jackpot $0 | Bingo $0 | Fortune $0 | Tax $0
Seat 2: 1cf6aff6 (big blind) folded before Flop
Seat 3: Hero folded before Flop (didn't bet)
Seat 4: 3dc605d7 (button) folded before Flop (didn't bet)
Seat 6: ba8af0d9 (small blind) collected ($0.2)


Poker Hand #HD1773526890: Hold'em No Limit ($0.05/$0.1) - 2024/05/15 11:38:04
Table 'NLHRed8' 6-max Seat #3 is the button
Seat 1: dcfee759 ($11.15 in chips)
Seat 2: 1cf6aff6 ($13.8 in chips)
Seat 3: Hero ($16.83 in chips)
Seat 4: 3dc605d7 ($11.79 in chips)
Seat 6: ba8af0d9 ($10 in chips)
3dc605d7: posts small blind $0.05
ba8af0d9: posts big blind $0.1
*** HOLE CARDS ***
Dealt to dcfee759 
Dealt to 1cf6aff6 
Dealt to Hero [9s Jh]
Dealt to 3dc605d7 
Dealt to ba8af0d9 
dcfee759: folds
1cf6aff6: folds
Hero: folds
3dc605d7: raises $0.16 to $0.26
ba8af0d9: folds
Uncalled bet ($0.16) returned to 3dc605d7
*** SHOWDOWN ***
3dc605d7 collected $0.2 from pot
*** SUMMARY ***
Total pot $0.2 | Rake $0 | Jackpot $0 | Bingo $0 | Fortune $0 | Tax $0
Seat 1: dcfee759 folded before Flop (didn't bet)
Seat 2: 1cf6aff6 folded before Flop (didn't bet)
Seat 3: Hero (button) folded before Flop (didn't bet)
Seat 4: 3dc605d7 (small blind) collected ($0.2)
Seat 6: ba8af0d9 (big blind) folded before Flop


Poker Hand #HD1773526858: Hold'em No Limit ($0.05/$0.1) - 2024/05/15 11:37:52
Table 'NLHRed8' 6-max Seat #2 is the button
Seat 1: dcfee759 ($11 in chips)
Seat 2: 1cf6aff6 ($13.8 in chips)
Seat 3: Hero ($16.88 in chips)
Seat 4: 3dc605d7 ($11.89 in chips)
Seat 5: d0e9542e ($10 in chips)
Hero: posts small blind $0.05
3dc605d7: posts big blind $0.1
*** HOLE CARDS ***
Dealt to dcfee759 
Dealt to 1cf6aff6 
Dealt to Hero [Td 4h]
Dealt to 3dc605d7 
Dealt to d0e9542e 
d0e9542e: folds
dcfee759: raises $0.15 to $0.25
1cf6aff6: folds
Hero: folds
3dc605d7: folds
Uncalled bet ($0.15) returned to dcfee759
*** SHOWDOWN ***
dcfee759 collected $0.25 from pot
*** SUMMARY ***
Total pot $0.25 | Rake $0 | Jackpot $0 | Bingo $0 | Fortune $0 | Tax $0
Seat 1: dcfee759 collected ($0.25)
Seat 2: 1cf6aff6 (button) folded before Flop (didn't bet)
Seat 3: Hero (small blind) folded before Flop
Seat 4: 3dc605d7 (big blind) folded before Flop
Seat 5: d0e9542e folded before Flop (didn't bet)


Poker Hand #HD1773526785: Hold'em No Limit ($0.05/$0.1) - 2024/05/15 11:37:10
Table 'NLHRed8' 6-max Seat #1 is the button
Seat 1: dcfee759 ($11 in chips)
Seat 2: 1cf6aff6 ($13.85 in chips)
Seat 3: Hero ($16.98 in chips)
Seat 4: 3dc605d7 ($11.51 in chips)
Seat 5: d0e9542e ($10 in chips)
1cf6aff6: posts small blind $0.05
Hero: posts big blind $0.1
*** HOLE CARDS ***
Dealt to dcfee759 
Dealt to 1cf6aff6 
Dealt to Hero [7h Jd]
Dealt to 3dc605d7 
Dealt to d0e9542e 
3dc605d7: raises $0.16 to $0.26
d0e9542e: calls $0.26
dcfee759: folds
1cf6aff6: folds
Hero: folds
*** FLOP *** [2c 8h Ac]
3dc605d7: bets $0.23
d0e9542e: folds
Uncalled bet ($0.23) returned to 3dc605d7
*** SHOWDOWN ***
3dc605d7 collected $0.64 from pot
*** SUMMARY ***
Total pot $0.67 | Rake $0.03 | Jackpot $0 | Bingo $0 | Fortune $0 | Tax $0
Board [2c 8h Ac]
Seat 1: dcfee759 (button) folded before Flop (didn't bet)
Seat 2: 1cf6aff6 (small blind) folded before Flop
Seat 3: Hero (big blind) folded before Flop
Seat 4: 3dc605d7 won ($0.64)
Seat 5: d0e9542e folded on the Flop


Poker Hand #HD1773526743: Hold'em No Limit ($0.05/$0.1) - 2024/05/15 11:36:51
Table 'NLHRed8' 6-max Seat #5 is the button
Seat 1: dcfee759 ($10.9 in chips)
Seat 2: 1cf6aff6 ($13.95 in chips)
Seat 3: Hero ($16.98 in chips)
Seat 4: 3dc605d7 ($11.51 in chips)
Seat 5: d0e9542e ($10 in chips)
dcfee759: posts small blind $0.05
1cf6aff6: posts big blind $0.1
*** HOLE CARDS ***
Dealt to dcfee759 
Dealt to 1cf6aff6 
Dealt to Hero [Kd 6c]
Dealt to 3dc605d7 
Dealt to d0e9542e 
Hero: folds
3dc605d7: folds
d0e9542e: folds
dcfee759: raises $0.2 to $0.3
1cf6aff6: folds
Uncalled bet ($0.2) returned to dcfee759
*** SHOWDOWN ***
dcfee759 collected $0.2 from pot
*** SUMMARY ***
Total pot $0.2 | Rake $0 | Jackpot $0 | Bingo $0 | Fortune $0 | Tax $0
Seat 1: dcfee759 (small blind) collected ($0.2)
Seat 2: 1cf6aff6 (big blind) folded before Flop
Seat 3: Hero folded before Flop (didn't bet)
Seat 4: 3dc605d7 folded before Flop (didn't bet)
Seat 5: d0e9542e (button) folded before Flop (didn't bet)


Poker Hand #HD1773526714: Hold'em No Limit ($0.05/$0.1) - 2024/05/15 11:36:37
Table 'NLHRed8' 6-max Seat #4 is the button
Seat 1: dcfee759 ($11 in chips)
Seat 2: 1cf6aff6 ($13.95 in chips)
Seat 3: Hero ($16.98 in chips)
Seat 4: 3dc605d7 ($11.36 in chips)
Seat 5: d0e9542e ($10.02 in chips)
d0e9542e: posts small blind $0.05
dcfee759: posts big blind $0.1
*** HOLE CARDS ***
Dealt to dcfee759 
Dealt to 1cf6aff6 
Dealt to Hero [4h 7h]
Dealt to 3dc605d7 
Dealt to d0e9542e 
1cf6aff6: folds
Hero: folds
3dc605d7: raises $0.16 to $0.26
d0e9542e: folds
dcfee759: folds
Uncalled bet ($0.16) returned to 3dc605d7
*** SHOWDOWN ***
3dc605d7 collected $0.25 from pot
*** SUMMARY ***
Total pot $0.25 | Rake $0 | Jackpot $0 | Bingo $0 | Fortune $0 | Tax $0
Seat 1: dcfee759 (big blind) folded before Flop
Seat 2: 1cf6aff6 folded before Flop (didn't bet)
Seat 3: Hero folded before Flop (didn't bet)
Seat 4: 3dc605d7 (button) collected ($0.25)
Seat 5: d0e9542e (small blind) folded before Flop


Poker Hand #HD1773526649: Hold'em No Limit ($0.05/$0.1) - 2024/05/15 11:35:57
Table 'NLHRed8' 6-max Seat #3 is the button
Seat 1: dcfee759 ($11 in chips)
Seat 2: 1cf6aff6 ($13.95 in chips)
Seat 3: Hero ($16.97 in chips)
Seat 4: 3dc605d7 ($11.41 in chips)
Seat 5: d0e9542e ($10 in chips)
Seat 6: 3b60fa0d ($10 in chips)
3dc605d7: posts small blind $0.05
d0e9542e: posts big blind $0.1
*** HOLE CARDS ***
Dealt to dcfee759 
Dealt to 1cf6aff6 
Dealt to Hero [Ah 3h]
Dealt to 3dc605d7 
Dealt to d0e9542e 
Dealt to 3b60fa0d 
3b60fa0d: folds
dcfee759: folds
1cf6aff6: folds
Hero: raises $0.14 to $0.24
3dc605d7: folds
d0e9542e: calls $0.14
*** FLOP *** [Ts Tc Jd]
d0e9542e: checks
Hero: checks
*** TURN *** [Ts Tc Jd] [8c]
d0e9542e: checks
Hero: checks
*** RIVER *** [Ts Tc Jd 8c] [2d]
d0e9542e: checks
Hero: checks
d0e9542e: shows [Ad 4h] (Pair of Tens)
Hero: shows [Ah 3h] (Pair of Tens)
*** SHOWDOWN ***
d0e9542e collected $0.26 from pot
Hero collected $0.25 from pot
*** SUMMARY ***
Total pot $0.53 | Rake $0.02 | Jackpot $0 | Bingo $0 | Fortune $0 | Tax $0
Board [Ts Tc Jd 8c 2d]
Seat 1: dcfee759 folded before Flop (didn't bet)
Seat 2: 1cf6aff6 folded before Flop (didn't bet)
Seat 3: Hero (button) showed [Ah 3h] and won ($0.25) with Pair of Tens
Seat 4: 3dc605d7 (small blind) folded before Flop
Seat 5: d0e9542e (big blind) showed [Ad 4h] and won ($0.26) with Pair of Tens
Seat 6: 3b60fa0d folded before Flop (didn't bet)


Poker Hand #HD1773526627: Hold'em No Limit ($0.05/$0.1) - 2024/05/15 11:35:47
Table 'NLHRed8' 6-max Seat #2 is the button
Seat 1: dcfee759 ($11 in chips)
Seat 2: 1cf6aff6 ($13.8 in chips)
Seat 3: Hero ($17.02 in chips)
Seat 4: 3dc605d7 ($11.51 in chips)
Seat 6: 3b60fa0d ($10 in chips)
Hero: posts small blind $0.05
3dc605d7: posts big blind $0.1
*** HOLE CARDS ***
Dealt to dcfee759 
Dealt to 1cf6aff6 
Dealt to Hero [Tc 7h]
Dealt to 3dc605d7 
Dealt to 3b60fa0d 
3b60fa0d: folds
dcfee759: folds
1cf6aff6: raises $0.15 to $0.25
Hero: folds
3dc605d7: folds
Uncalled bet ($0.15) returned to 1cf6aff6
*** SHOWDOWN ***
1cf6aff6 collected $0.25 from pot
*** SUMMARY ***
Total pot $0.25 | Rake $0 | Jackpot $0 | Bingo $0 | Fortune $0 | Tax $0
Seat 1: dcfee759 folded before Flop (didn't bet)
Seat 2: 1cf6aff6 (button) collected ($0.25)
Seat 3: Hero (small blind) folded before Flop
Seat 4: 3dc605d7 (big blind) folded before Flop
Seat 6: 3b60fa0d folded before Flop (didn't bet)


Poker Hand #HD1773526518: Hold'em No Limit ($0.05/$0.1) - 2024/05/15 11:34:47
Table 'NLHRed8' 6-max Seat #1 is the button
Seat 1: dcfee759 ($10 in chips)
Seat 2: 1cf6aff6 ($13.85 in chips)
Seat 3: Hero ($18.07 in chips)
Seat 4: b1eaffea ($10.36 in chips)
Seat 6: 3b60fa0d ($10 in chips)
1cf6aff6: posts small blind $0.05
Hero: posts big blind $0.1
*** HOLE CARDS ***
Dealt to dcfee759 
Dealt to 1cf6aff6 
Dealt to Hero [Ac 5c]
Dealt to b1eaffea 
Dealt to 3b60fa0d 
b1eaffea: folds
3b60fa0d: folds
dcfee759: raises $0.15 to $0.25
1cf6aff6: folds
Hero: calls $0.15
*** FLOP *** [Qc 9d Jd]
Hero: checks
dcfee759: bets $0.2
Hero: calls $0.2
*** TURN *** [Qc 9d Jd] [3d]
Hero: checks
dcfee759: checks
*** RIVER *** [Qc 9d Jd 3d] [Kc]
Hero: bets $0.6
dcfee759: calls $0.6
Hero: shows [Ac 5c] (Ace-High)
dcfee759: shows [6s Ts] (Kings-High Straight)
*** SHOWDOWN ***
dcfee759 collected $2.05 from pot
*** SUMMARY ***
Total pot $2.15 | Rake $0.1 | Jackpot $0 | Bingo $0 | Fortune $0 | Tax $0
Board [Qc 9d Jd 3d Kc]
Seat 1: dcfee759 (button) showed [6s Ts] and won ($2.05) with Kings-High Straight
Seat 2: 1cf6aff6 (small blind) folded before Flop
Seat 3: Hero (big blind) showed [Ac 5c] and lost with Ace-High
Seat 4: b1eaffea folded before Flop (didn't bet)
Seat 6: 3b60fa0d folded before Flop (didn't bet)


Poker Hand #HD1773526458: Hold'em No Limit ($0.05/$0.1) - 2024/05/15 11:34:10
Table 'NLHRed8' 6-max Seat #6 is the button
Seat 1: dcfee759 ($10 in chips)
Seat 2: 1cf6aff6 ($13.95 in chips)
Seat 3: Hero ($18.31 in chips)
Seat 4: b1eaffea ($10 in chips)
Seat 6: 3b60fa0d ($10 in chips)
dcfee759: posts small blind $0.05
1cf6aff6: posts big blind $0.1
b1eaffea: posts missed blind $0.05
*** HOLE CARDS ***
Dealt to dcfee759 
Dealt to 1cf6aff6 
Dealt to Hero [7s As]
Dealt to b1eaffea 
Dealt to 3b60fa0d 
Hero: raises $0.14 to $0.24
b1eaffea: calls $0.24
3b60fa0d: folds
dcfee759: folds
1cf6aff6: folds
*** FLOP *** [7h 2h Ts]
Hero: checks
b1eaffea: bets $0.51
Hero: folds
Uncalled bet ($0.51) returned to b1eaffea
*** SHOWDOWN ***
b1eaffea collected $0.65 from pot
*** SUMMARY ***
Total pot $0.68 | Rake $0.03 | Jackpot $0 | Bingo $0 | Fortune $0 | Tax $0
Board [7h 2h Ts]
Seat 1: dcfee759 (small blind) folded before Flop
Seat 2: 1cf6aff6 (big blind) folded before Flop
Seat 3: Hero folded on the Flop
Seat 4: b1eaffea won ($0.65)
Seat 6: 3b60fa0d (button) folded before Flop (didn't bet)


Poker Hand #HD1773526342: Hold'em No Limit ($0.05/$0.1) - 2024/05/15 11:33:18
Table 'NLHRed8' 6-max Seat #3 is the button
Seat 1: dcfee759 ($10.1 in chips)
Seat 2: 1cf6aff6 ($14.2 in chips)
Seat 3: Hero ($17.16 in chips)
Seat 6: 3b60fa0d ($10.84 in chips)
3b60fa0d: posts small blind $0.05
dcfee759: posts big blind $0.1
*** HOLE CARDS ***
Dealt to dcfee759 
Dealt to 1cf6aff6 
Dealt to Hero [Qh Ah]
Dealt to 3b60fa0d 
1cf6aff6: raises $0.15 to $0.25
Hero: raises $0.65 to $0.9
3b60fa0d: calls $0.85
dcfee759: folds
1cf6aff6: folds
*** FLOP *** [As Qs 2s]
3b60fa0d: checks
Hero: bets $1
3b60fa0d: folds
Uncalled bet ($1) returned to Hero
*** SHOWDOWN ***
Hero collected $2.05 from pot
*** SUMMARY ***
Total pot $2.15 | Rake $0.1 | Jackpot $0 | Bingo $0 | Fortune $0 | Tax $0
Board [As Qs 2s]
Seat 1: dcfee759 (big blind) folded before Flop
Seat 2: 1cf6aff6 folded before Flop
Seat 3: Hero (button) won ($2.05)
Seat 6: 3b60fa0d (small blind) folded on the Flop


Poker Hand #HD1773526211: Hold'em No Limit ($0.05/$0.1) - 2024/05/15 11:32:11
Table 'NLHRed8' 6-max Seat #2 is the button
Seat 1: dcfee759 ($10.1 in chips)
Seat 2: 1cf6aff6 ($14.2 in chips)
Seat 3: Hero ($10.75 in chips)
Seat 4: b1eaffea ($7.22 in chips)
Seat 6: 3b60fa0d ($10.84 in chips)
Hero: posts small blind $0.05
b1eaffea: posts big blind $0.1
*** HOLE CARDS ***
Dealt to dcfee759 
Dealt to 1cf6aff6 
Dealt to Hero [Ks Kh]
Dealt to b1eaffea 
Dealt to 3b60fa0d 
3b60fa0d: folds
dcfee759: folds
1cf6aff6: folds
Hero: raises $0.2 to $0.3
b1eaffea: calls $0.2
*** FLOP *** [6s Kc 8s]
Hero: bets $0.2
b1eaffea: calls $0.2
*** TURN *** [6s Kc 8s] [6h]
Hero: checks
b1eaffea: bets $0.36
Hero: calls $0.36
*** RIVER *** [6s Kc 8s 6h] [2s]
Hero: checks
b1eaffea: bets $1.29
Hero: raises $8.6 to $9.89 and is all-in
b1eaffea: calls $5.07 and is all-in
Uncalled bet ($3.53) returned to Hero
Hero: shows [Ks Kh] (Kings Full over Sixes)
b1eaffea: shows [5s 4s] (Eight High Flush)
*** SHOWDOWN ***
Hero collected $13.63 from pot
*** SUMMARY ***
Total pot $14.44 | Rake $0.71 | Jackpot $0.1 | Bingo $0 | Fortune $0 | Tax $0
Board [6s Kc 8s 6h 2s]
Seat 1: dcfee759 folded before Flop (didn't bet)
Seat 2: 1cf6aff6 (button) folded before Flop (didn't bet)
Seat 3: Hero (small blind) showed [Ks Kh] and won ($13.63) with Kings Full over Sixes
Seat 4: b1eaffea (big blind) showed [5s 4s] and lost with Eight High Flush
Seat 6: 3b60fa0d folded before Flop (didn't bet)


Poker Hand #HD1773526159: Hold'em No Limit ($0.05/$0.1) - 2024/05/15 11:31:46
Table 'NLHRed8' 6-max Seat #1 is the button
Seat 1: dcfee759 ($10.1 in chips)
Seat 2: 1cf6aff6 ($14.5 in chips)
Seat 3: Hero ($10.48 in chips)
Seat 4: b1eaffea ($7.22 in chips)
Seat 6: 3b60fa0d ($10.84 in chips)
1cf6aff6: posts small blind $0.05
Hero: posts big blind $0.1
*** HOLE CARDS ***
Dealt to dcfee759 
Dealt to 1cf6aff6 
Dealt to Hero [Js Kh]
Dealt to b1eaffea 
Dealt to 3b60fa0d 
b1eaffea: folds
3b60fa0d: folds
dcfee759: folds
1cf6aff6: raises $0.2 to $0.3
Hero: raises $0.6 to $0.9
1cf6aff6: folds
Uncalled bet ($0.6) returned to Hero
*** SHOWDOWN ***
Hero collected $0.57 from pot
*** SUMMARY ***
Total pot $0.6 | Rake $0.03 | Jackpot $0 | Bingo $0 | Fortune $0 | Tax $0
Seat 1: dcfee759 (button) folded before Flop (didn't bet)
Seat 2: 1cf6aff6 (small blind) folded before Flop
Seat 3: Hero (big blind) collected ($0.57)
Seat 4: b1eaffea folded before Flop (didn't bet)
Seat 6: 3b60fa0d folded before Flop (didn't bet)


Poker Hand #HD1773526118: Hold'em No Limit ($0.05/$0.1) - 2024/05/15 11:31:26
Table 'NLHRed8' 6-max Seat #6 is the button
Seat 1: dcfee759 ($10.15 in chips)
Seat 2: 1cf6aff6 ($14.6 in chips)
Seat 3: Hero ($10.33 in chips)
Seat 4: b1eaffea ($7.22 in chips)
Seat 6: 3b60fa0d ($10.84 in chips)
dcfee759: posts small blind $0.05
1cf6aff6: posts big blind $0.1
*** HOLE CARDS ***
Dealt to dcfee759 
Dealt to 1cf6aff6 
Dealt to Hero [5d Ad]
Dealt to b1eaffea 
Dealt to 3b60fa0d 
Hero: raises $0.1 to $0.2
b1eaffea: folds
3b60fa0d: folds
dcfee759: folds
1cf6aff6: folds
Uncalled bet ($0.1) returned to Hero
*** SHOWDOWN ***
Hero collected $0.25 from pot
*** SUMMARY ***
Total pot $0.25 | Rake $0 | Jackpot $0 | Bingo $0 | Fortune $0 | Tax $0
Seat 1: dcfee759 (small blind) folded before Flop
Seat 2: 1cf6aff6 (big blind) folded before Flop
Seat 3: Hero collected ($0.25)
Seat 4: b1eaffea folded before Flop (didn't bet)
Seat 6: 3b60fa0d (button) folded before Flop (didn't bet)


Poker Hand #HD1773526059: Hold'em No Limit ($0.05/$0.1) - 2024/05/15 11:30:58
Table 'NLHRed8' 6-max Seat #4 is the button
Seat 1: dcfee759 ($10.25 in chips)
Seat 2: 1cf6aff6 ($14.6 in chips)
Seat 3: Hero ($10 in chips)
Seat 4: b1eaffea ($7.42 in chips)
Seat 6: 3b60fa0d ($10.89 in chips)
3b60fa0d: posts small blind $0.05
dcfee759: posts big blind $0.1
*** HOLE CARDS ***
Dealt to dcfee759 
Dealt to 1cf6aff6 
Dealt to Hero [Ac Ah]
Dealt to b1eaffea 
Dealt to 3b60fa0d 
1cf6aff6: folds
Hero: raises $0.1 to $0.2
b1eaffea: calls $0.2
3b60fa0d: folds
dcfee759: folds
*** FLOP *** [Qs Qc 5h]
Hero: checks
b1eaffea: checks
*** TURN *** [Qs Qc 5h] [Jd]
Hero: bets $0.3
b1eaffea: folds
Uncalled bet ($0.3) returned to Hero
*** SHOWDOWN ***
Hero collected $0.53 from pot
*** SUMMARY ***
Total pot $0.55 | Rake $0.02 | Jackpot $0 | Bingo $0 | Fortune $0 | Tax $0
Board [Qs Qc 5h Jd]
Seat 1: dcfee759 (big blind) folded before Flop
Seat 2: 1cf6aff6 folded before Flop (didn't bet)
Seat 3: Hero won ($0.53)
Seat 4: b1eaffea (button) folded on the Turn
Seat 6: 3b60fa0d (small blind) folded before Flop


Poker Hand #HD1773525996: Hold'em No Limit ($0.05/$0.1) - 2024/05/15 11:30:25
Table 'NLHRed8' 6-max Seat #3 is the button
Seat 1: dcfee759 ($10.25 in chips)
Seat 2: 1cf6aff6 ($14.85 in chips)
Seat 3: Hero ($10 in chips)
Seat 4: b1eaffea ($6.95 in chips)
Seat 6: 3b60fa0d ($11.14 in chips)
b1eaffea: posts small blind $0.05
3b60fa0d: posts big blind $0.1
*** HOLE CARDS ***
Dealt to dcfee759 
Dealt to 1cf6aff6 
Dealt to Hero [7s Kh]
Dealt to b1eaffea 
Dealt to 3b60fa0d 
dcfee759: folds
1cf6aff6: raises $0.15 to $0.25
Hero: folds
b1eaffea: calls $0.2
3b60fa0d: calls $0.15
*** FLOP *** [3d 9s Td]
b1eaffea: checks
3b60fa0d: checks
1cf6aff6: checks
*** TURN *** [3d 9s Td] [6s]
b1eaffea: bets $0.27
3b60fa0d: folds
1cf6aff6: folds
Uncalled bet ($0.27) returned to b1eaffea
*** SHOWDOWN ***
b1eaffea collected $0.72 from pot
*** SUMMARY ***
Total pot $0.75 | Rake $0.03 | Jackpot $0 | Bingo $0 | Fortune $0 | Tax $0
Board [3d 9s Td 6s]
Seat 1: dcfee759 folded before Flop (didn't bet)
Seat 2: 1cf6aff6 folded on the Turn
Seat 3: Hero (button) folded before Flop (didn't bet)
Seat 4: b1eaffea (small blind) won ($0.72)
Seat 6: 3b60fa0d (big blind) folded on the Turn


Poker Hand #HD1773525896: Hold'em No Limit ($0.05/$0.1) - 2024/05/15 11:29:30
Table 'NLHRed8' 6-max Seat #2 is the button
Seat 1: dcfee759 ($10.25 in chips)
Seat 2: 1cf6aff6 ($14.2 in chips)
Seat 3: Hero ($10.05 in chips)
Seat 4: b1eaffea ($7.62 in chips)
Seat 6: 3b60fa0d ($11.14 in chips)
Hero: posts small blind $0.05
b1eaffea: posts big blind $0.1
*** HOLE CARDS ***
Dealt to dcfee759 
Dealt to 1cf6aff6 
Dealt to Hero [Kd 5h]
Dealt to b1eaffea 
Dealt to 3b60fa0d 
3b60fa0d: folds
dcfee759: folds
1cf6aff6: raises $0.15 to $0.25
Hero: folds
b1eaffea: calls $0.15
*** FLOP *** [Th 3c 6d]
b1eaffea: checks
1cf6aff6: checks
*** TURN *** [Th 3c 6d] [2h]
b1eaffea: checks
1cf6aff6: checks
*** RIVER *** [Th 3c 6d 2h] [8h]
b1eaffea: checks
1cf6aff6: bets $0.42
b1eaffea: calls $0.42
1cf6aff6: shows [Qd 8s] (Pair of Eights)
b1eaffea: shows [Ah 4c] (Ace-High)
*** SHOWDOWN ***
1cf6aff6 collected $1.32 from pot
*** SUMMARY ***
Total pot $1.39 | Rake $0.07 | Jackpot $0 | Bingo $0 | Fortune $0 | Tax $0
Board [Th 3c 6d 2h 8h]
Seat 1: dcfee759 folded before Flop (didn't bet)
Seat 2: 1cf6aff6 (button) showed [Qd 8s] and won ($1.32) with Pair of Eights
Seat 3: Hero (small blind) folded before Flop
Seat 4: b1eaffea (big blind) showed [Ah 4c] and lost with Ace-High
Seat 6: 3b60fa0d folded before Flop (didn't bet)


Poker Hand #HD1773525850: Hold'em No Limit ($0.05/$0.1) - 2024/05/15 11:29:06
Table 'NLHRed8' 6-max Seat #1 is the button
Seat 1: dcfee759 ($10.1 in chips)
Seat 2: 1cf6aff6 ($14.25 in chips)
Seat 3: Hero ($10.15 in chips)
Seat 4: b1eaffea ($7.62 in chips)
Seat 6: 3b60fa0d ($11.14 in chips)
1cf6aff6: posts small blind $0.05
Hero: posts big blind $0.1
*** HOLE CARDS ***
Dealt to dcfee759 
Dealt to 1cf6aff6 
Dealt to Hero [Ks 2h]
Dealt to b1eaffea 
Dealt to 3b60fa0d 
b1eaffea: folds
3b60fa0d: folds
dcfee759: raises $0.15 to $0.25
1cf6aff6: folds
Hero: folds
Uncalled bet ($0.15) returned to dcfee759
*** SHOWDOWN ***
dcfee759 collected $0.25 from pot
*** SUMMARY ***
Total pot $0.25 | Rake $0 | Jackpot $0 | Bingo $0 | Fortune $0 | Tax $0
Seat 1: dcfee759 (button) collected ($0.25)
Seat 2: 1cf6aff6 (small blind) folded before Flop
Seat 3: Hero (big blind) folded before Flop
Seat 4: b1eaffea folded before Flop (didn't bet)
Seat 6: 3b60fa0d folded before Flop (didn't bet)


Poker Hand #HD1773525806: Hold'em No Limit ($0.05/$0.1) - 2024/05/15 11:28:48
Table 'NLHRed8' 6-max Seat #6 is the button
Seat 1: dcfee759 ($10 in chips)
Seat 2: 1cf6aff6 ($14.35 in chips)
Seat 3: Hero ($10.15 in chips)
Seat 4: b1eaffea ($7.62 in chips)
Seat 6: 3b60fa0d ($11.14 in chips)
dcfee759: posts small blind $0.05
1cf6aff6: posts big blind $0.1
*** HOLE CARDS ***
Dealt to dcfee759 
Dealt to 1cf6aff6 
Dealt to Hero [6d 8d]
Dealt to b1eaffea 
Dealt to 3b60fa0d 
Hero: folds
b1eaffea: folds
3b60fa0d: folds
dcfee759: raises $0.2 to $0.3
1cf6aff6: folds
Uncalled bet ($0.2) returned to dcfee759
*** SHOWDOWN ***
dcfee759 collected $0.2 from pot
*** SUMMARY ***
Total pot $0.2 | Rake $0 | Jackpot $0 | Bingo $0 | Fortune $0 | Tax $0
Seat 1: dcfee759 (small blind) collected ($0.2)
Seat 2: 1cf6aff6 (big blind) folded before Flop
Seat 3: Hero folded before Flop (didn't bet)
Seat 4: b1eaffea folded before Flop (didn't bet)
Seat 6: 3b60fa0d (button) folded before Flop (didn't bet)


Poker Hand #HD1773525725: Hold'em No Limit ($0.05/$0.1) - 2024/05/15 11:28:05
Table 'NLHRed8' 6-max Seat #5 is the button
Seat 1: dcfee759 ($10.09 in chips)
Seat 2: 1cf6aff6 ($14.35 in chips)
Seat 3: Hero ($10.15 in chips)
Seat 4: b1eaffea ($7.72 in chips)
Seat 5: 7020dd72 ($14.16 in chips)
Seat 6: 3b60fa0d ($10.86 in chips)
3b60fa0d: posts small blind $0.05
dcfee759: posts big blind $0.1
*** HOLE CARDS ***
Dealt to dcfee759 
Dealt to 1cf6aff6 
Dealt to Hero [Kh 6s]
Dealt to b1eaffea 
Dealt to 7020dd72 
Dealt to 3b60fa0d 
1cf6aff6: folds
Hero: folds
b1eaffea: calls $0.1
7020dd72: calls $0.1
3b60fa0d: raises $0.5 to $0.6
dcfee759: folds
b1eaffea: folds
7020dd72: folds
Uncalled bet ($0.5) returned to 3b60fa0d
*** SHOWDOWN ***
3b60fa0d collected $0.38 from pot
*** SUMMARY ***
Total pot $0.4 | Rake $0.02 | Jackpot $0 | Bingo $0 | Fortune $0 | Tax $0
Seat 1: dcfee759 (big blind) folded before Flop
Seat 2: 1cf6aff6 folded before Flop (didn't bet)
Seat 3: Hero folded before Flop (didn't bet)
Seat 4: b1eaffea folded before Flop
Seat 5: 7020dd72 (button) folded before Flop
Seat 6: 3b60fa0d (small blind) collected ($0.38)


Poker Hand #HD1773525693: Hold'em No Limit ($0.05/$0.1) - 2024/05/15 11:27:52
Table 'NLHRed8' 6-max Seat #4 is the button
Seat 1: dcfee759 ($10.09 in chips)
Seat 2: 1cf6aff6 ($14.35 in chips)
Seat 3: Hero ($10 in chips)
Seat 4: b1eaffea ($7.72 in chips)
Seat 5: 7020dd72 ($14.21 in chips)
Seat 6: 3b60fa0d ($10.96 in chips)
7020dd72: posts small blind $0.05
3b60fa0d: posts big blind $0.1
*** HOLE CARDS ***
Dealt to dcfee759 
Dealt to 1cf6aff6 
Dealt to Hero [Ad Kd]
Dealt to b1eaffea 
Dealt to 7020dd72 
Dealt to 3b60fa0d 
dcfee759: folds
1cf6aff6: folds
Hero: raises $0.14 to $0.24
b1eaffea: folds
7020dd72: folds
3b60fa0d: folds
Uncalled bet ($0.14) returned to Hero
*** SHOWDOWN ***
Hero collected $0.25 from pot
*** SUMMARY ***
Total pot $0.25 | Rake $0 | Jackpot $0 | Bingo $0 | Fortune $0 | Tax $0
Seat 1: dcfee759 folded before Flop (didn't bet)
Seat 2: 1cf6aff6 folded before Flop (didn't bet)
Seat 3: Hero collected ($0.25)
Seat 4: b1eaffea (button) folded before Flop (didn't bet)
Seat 5: 7020dd72 (small blind) folded before Flop
Seat 6: 3b60fa0d (big blind) folded before Flop


Poker Hand #HD1773445628: Hold'em No Limit ($0.05/$0.1) - 2024/05/15 11:27:13
Table 'NLHRed8' 6-max Seat #3 is the button
Seat 1: dcfee759 ($10.09 in chips)
Seat 2: 1cf6aff6 ($14.6 in chips)
Seat 3: Hero ($10 in chips)
Seat 4: b1eaffea ($7.4 in chips)
Seat 5: 7020dd72 ($14.31 in chips)
Seat 6: 3b60fa0d ($10.96 in chips)
b1eaffea: posts small blind $0.05
7020dd72: posts big blind $0.1
*** HOLE CARDS ***
Dealt to dcfee759 
Dealt to 1cf6aff6 
Dealt to Hero [8s Kc]
Dealt to b1eaffea 
Dealt to 7020dd72 
Dealt to 3b60fa0d 
3b60fa0d: folds
dcfee759: folds
1cf6aff6: raises $0.15 to $0.25
Hero: folds
b1eaffea: raises $0.6 to $0.85
7020dd72: folds
1cf6aff6: folds
Uncalled bet ($0.6) returned to b1eaffea
*** SHOWDOWN ***
b1eaffea collected $0.57 from pot
*** SUMMARY ***
Total pot $0.6 | Rake $0.03 | Jackpot $0 | Bingo $0 | Fortune $0 | Tax $0
Seat 1: dcfee759 folded before Flop (didn't bet)
Seat 2: 1cf6aff6 folded before Flop
Seat 3: Hero (button) folded before Flop (didn't bet)
Seat 4: b1eaffea (small blind) collected ($0.57)
Seat 5: 7020dd72 (big blind) folded before Flop
Seat 6: 3b60fa0d folded before Flop (didn't bet)


Poker Hand #HD1773445614: Hold'em No Limit ($0.05/$0.1) - 2024/05/15 11:27:03
Table 'NLHRed8' 6-max Seat #2 is the button
Seat 1: dcfee759 ($10.09 in chips)
Seat 2: 1cf6aff6 ($14.6 in chips)
Seat 3: Hero ($10.02 in chips)
Seat 4: b1eaffea ($7.35 in chips)
Seat 5: 7020dd72 ($14.31 in chips)
Seat 6: 3b60fa0d ($10.96 in chips)
Hero: posts small blind $0.05
b1eaffea: posts big blind $0.1
*** HOLE CARDS ***
Dealt to dcfee759 
Dealt to 1cf6aff6 
Dealt to Hero [4c Kc]
Dealt to b1eaffea 
Dealt to 7020dd72 
Dealt to 3b60fa0d 
7020dd72: folds
3b60fa0d: folds
dcfee759: folds
1cf6aff6: folds
Hero: folds
Uncalled bet ($0.05) returned to b1eaffea
*** SHOWDOWN ***
b1eaffea collected $0.1 from pot
*** SUMMARY ***
Total pot $0.1 | Rake $0 | Jackpot $0 | Bingo $0 | Fortune $0 | Tax $0
Seat 1: dcfee759 folded before Flop (didn't bet)
Seat 2: 1cf6aff6 (button) folded before Flop (didn't bet)
Seat 3: Hero (small blind) folded before Flop
Seat 4: b1eaffea (big blind) collected ($0.1)
Seat 5: 7020dd72 folded before Flop (didn't bet)
Seat 6: 3b60fa0d folded before Flop (didn't bet)


Poker Hand #HD1773445535: Hold'em No Limit ($0.05/$0.1) - 2024/05/15 11:26:26
Table 'NLHRed8' 6-max Seat #1 is the button
Seat 1: dcfee759 ($10.09 in chips)
Seat 2: 1cf6aff6 ($14.65 in chips)
Seat 3: Hero ($10.12 in chips)
Seat 4: b1eaffea ($7.35 in chips)
Seat 5: 7020dd72 ($15.21 in chips)
Seat 6: 3b60fa0d ($10 in chips)
1cf6aff6: posts small blind $0.05
Hero: posts big blind $0.1
*** HOLE CARDS ***
Dealt to dcfee759 
Dealt to 1cf6aff6 
Dealt to Hero [8s Jd]
Dealt to b1eaffea 
Dealt to 7020dd72 
Dealt to 3b60fa0d 
b1eaffea: folds
7020dd72: calls $0.1
3b60fa0d: raises $0.3 to $0.4
dcfee759: folds
1cf6aff6: folds
Hero: folds
7020dd72: calls $0.3
*** FLOP *** [5c Kd 9s]
7020dd72: checks
3b60fa0d: bets $0.5
7020dd72: calls $0.5
*** TURN *** [5c Kd 9s] [6c]
7020dd72: checks
3b60fa0d: bets $2
7020dd72: folds
Uncalled bet ($2) returned to 3b60fa0d
*** SHOWDOWN ***
3b60fa0d collected $1.86 from pot
*** SUMMARY ***
Total pot $1.95 | Rake $0.09 | Jackpot $0 | Bingo $0 | Fortune $0 | Tax $0
Board [5c Kd 9s 6c]
Seat 1: dcfee759 (button) folded before Flop (didn't bet)
Seat 2: 1cf6aff6 (small blind) folded before Flop
Seat 3: Hero (big blind) folded before Flop
Seat 4: b1eaffea folded before Flop (didn't bet)
Seat 5: 7020dd72 folded on the Turn
Seat 6: 3b60fa0d won ($1.86)


Poker Hand #HD1773445464: Hold'em No Limit ($0.05/$0.1) - 2024/05/15 11:25:50
Table 'NLHRed8' 6-max Seat #6 is the button
Seat 1: dcfee759 ($10.14 in chips)
Seat 2: 1cf6aff6 ($14.75 in chips)
Seat 3: Hero ($10.12 in chips)
Seat 4: b1eaffea ($7.35 in chips)
Seat 5: 7020dd72 ($15.06 in chips)
Seat 6: 3b60fa0d ($10 in chips)
dcfee759: posts small blind $0.05
1cf6aff6: posts big blind $0.1
*** HOLE CARDS ***
Dealt to dcfee759 
Dealt to 1cf6aff6 
Dealt to Hero [9c Ks]
Dealt to b1eaffea 
Dealt to 7020dd72 
Dealt to 3b60fa0d 
Hero: folds
b1eaffea: folds
7020dd72: raises $0.2 to $0.3
3b60fa0d: folds
dcfee759: folds
1cf6aff6: folds
Uncalled bet ($0.2) returned to 7020dd72
*** SHOWDOWN ***
7020dd72 collected $0.25 from pot
*** SUMMARY ***
Total pot $0.25 | Rake $0 | Jackpot $0 | Bingo $0 | Fortune $0 | Tax $0
Seat 1: dcfee759 (small blind) folded before Flop
Seat 2: 1cf6aff6 (big blind) folded before Flop
Seat 3: Hero folded before Flop (didn't bet)
Seat 4: b1eaffea folded before Flop (didn't bet)
Seat 5: 7020dd72 collected ($0.25)
Seat 6: 3b60fa0d (button) folded before Flop (didn't bet)


Poker Hand #HD1773445357: Hold'em No Limit ($0.05/$0.1) - 2024/05/15 11:24:56
Table 'NLHRed8' 6-max Seat #5 is the button
Seat 1: dcfee759 ($10 in chips)
Seat 2: 1cf6aff6 ($14.75 in chips)
Seat 3: Hero ($10.12 in chips)
Seat 4: b1eaffea ($7.45 in chips)
Seat 5: 7020dd72 ($15.06 in chips)
Seat 6: 3b60fa0d ($10 in chips)
3b60fa0d: posts small blind $0.05
dcfee759: posts big blind $0.1
*** HOLE CARDS ***
Dealt to dcfee759 
Dealt to 1cf6aff6 
Dealt to Hero [2h 7d]
Dealt to b1eaffea 
Dealt to 7020dd72 
Dealt to 3b60fa0d 
1cf6aff6: folds
Hero: folds
b1eaffea: calls $0.1
7020dd72: folds
3b60fa0d: folds
dcfee759: checks
*** FLOP *** [Qc 2d 9c]
dcfee759: checks
b1eaffea: checks
*** TURN *** [Qc 2d 9c] [6d]
dcfee759: bets $0.5
b1eaffea: folds
Uncalled bet ($0.5) returned to dcfee759
*** SHOWDOWN ***
dcfee759 collected $0.24 from pot
*** SUMMARY ***
Total pot $0.25 | Rake $0.01 | Jackpot $0 | Bingo $0 | Fortune $0 | Tax $0
Board [Qc 2d 9c 6d]
Seat 1: dcfee759 (big blind) won ($0.24)
Seat 2: 1cf6aff6 folded before Flop (didn't bet)
Seat 3: Hero folded before Flop (didn't bet)
Seat 4: b1eaffea folded on the Turn
Seat 5: 7020dd72 (button) folded before Flop (didn't bet)
Seat 6: 3b60fa0d (small blind) folded before Flop


Poker Hand #HD1773445332: Hold'em No Limit ($0.05/$0.1) - 2024/05/15 11:24:43
Table 'NLHRed8' 6-max Seat #4 is the button
Seat 1: dcfee759 ($10 in chips)
Seat 2: 1cf6aff6 ($14.75 in chips)
Seat 3: Hero ($10.12 in chips)
Seat 4: b1eaffea ($7.3 in chips)
Seat 5: 7020dd72 ($15.11 in chips)
Seat 6: 3b60fa0d ($10 in chips)
7020dd72: posts small blind $0.05
3b60fa0d: posts big blind $0.1
*** HOLE CARDS ***
Dealt to dcfee759 
Dealt to 1cf6aff6 
Dealt to Hero [2s 2d]
Dealt to b1eaffea 
Dealt to 7020dd72 
Dealt to 3b60fa0d 
dcfee759: folds
1cf6aff6: folds
Hero: folds
b1eaffea: raises $0.25 to $0.35
7020dd72: folds
3b60fa0d: folds
Uncalled bet ($0.25) returned to b1eaffea
*** SHOWDOWN ***
b1eaffea collected $0.25 from pot
*** SUMMARY ***
Total pot $0.25 | Rake $0 | Jackpot $0 | Bingo $0 | Fortune $0 | Tax $0
Seat 1: dcfee759 folded before Flop (didn't bet)
Seat 2: 1cf6aff6 folded before Flop (didn't bet)
Seat 3: Hero folded before Flop (didn't bet)
Seat 4: b1eaffea (button) collected ($0.25)
Seat 5: 7020dd72 (small blind) folded before Flop
Seat 6: 3b60fa0d (big blind) folded before Flop


Poker Hand #HD1773445273: Hold'em No Limit ($0.05/$0.1) - 2024/05/15 11:24:11
Table 'NLHRed8' 6-max Seat #3 is the button
Seat 1: dcfee759 ($10 in chips)
Seat 2: 1cf6aff6 ($14.28 in chips)
Seat 3: Hero ($10.12 in chips)
Seat 4: b1eaffea ($7.55 in chips)
Seat 5: 7020dd72 ($15.36 in chips)
b1eaffea: posts small blind $0.05
7020dd72: posts big blind $0.1
*** HOLE CARDS ***
Dealt to dcfee759 
Dealt to 1cf6aff6 
Dealt to Hero [8d 5h]
Dealt to b1eaffea 
Dealt to 7020dd72 
dcfee759: folds
1cf6aff6: raises $0.15 to $0.25
Hero: folds
b1eaffea: calls $0.2
7020dd72: calls $0.15
*** FLOP *** [5d 3d Qd]
b1eaffea: checks
7020dd72: checks
1cf6aff6: bets $0.38
b1eaffea: folds
7020dd72: folds
Uncalled bet ($0.38) returned to 1cf6aff6
*** SHOWDOWN ***
1cf6aff6 collected $0.72 from pot
*** SUMMARY ***
Total pot $0.75 | Rake $0.03 | Jackpot $0 | Bingo $0 | Fortune $0 | Tax $0
Board [5d 3d Qd]
Seat 1: dcfee759 folded before Flop (didn't bet)
Seat 2: 1cf6aff6 won ($0.72)
Seat 3: Hero (button) folded before Flop (didn't bet)
Seat 4: b1eaffea (small blind) folded on the Flop
Seat 5: 7020dd72 (big blind) folded on the Flop


Poker Hand #HD1773445137: Hold'em No Limit ($0.05/$0.1) - 2024/05/15 11:23:04
Table 'NLHRed8' 6-max Seat #2 is the button
Seat 1: dcfee759 ($10 in chips)
Seat 2: 1cf6aff6 ($13.83 in chips)
Seat 3: Hero ($10.17 in chips)
Seat 4: b1eaffea ($7.99 in chips)
Hero: posts small blind $0.05
b1eaffea: posts big blind $0.1
*** HOLE CARDS ***
Dealt to dcfee759 
Dealt to 1cf6aff6 
Dealt to Hero [9c Qs]
Dealt to b1eaffea 
dcfee759: folds
1cf6aff6: raises $0.15 to $0.25
Hero: folds
b1eaffea: calls $0.15
*** FLOP *** [8d Tc Jh]
b1eaffea: checks
1cf6aff6: bets $0.19
b1eaffea: calls $0.19
*** TURN *** [8d Tc Jh] [2h]
b1eaffea: checks
1cf6aff6: checks
*** RIVER *** [8d Tc Jh 2h] [3c]
b1eaffea: checks
1cf6aff6: checks
b1eaffea: shows [Ad Qh] (Ace-High)
1cf6aff6: shows [2c Qc] (Pair of Twos)
*** SHOWDOWN ***
1cf6aff6 collected $0.89 from pot
*** SUMMARY ***
Total pot $0.93 | Rake $0.04 | Jackpot $0 | Bingo $0 | Fortune $0 | Tax $0
Board [8d Tc Jh 2h 3c]
Seat 1: dcfee759 folded before Flop (didn't bet)
Seat 2: 1cf6aff6 (button) showed [2c Qc] and won ($0.89) with Pair of Twos
Seat 3: Hero (small blind) folded before Flop
Seat 4: b1eaffea (big blind) showed [Ad Qh] and lost with Ace-High


Poker Hand #HD1773445098: Hold'em No Limit ($0.05/$0.1) - 2024/05/15 11:22:45
Table 'NLHRed8' 6-max Seat #1 is the button
Seat 1: dcfee759 ($10 in chips)
Seat 2: 1cf6aff6 ($13.88 in chips)
Seat 3: Hero ($10.27 in chips)
Seat 4: b1eaffea ($7.84 in chips)
1cf6aff6: posts small blind $0.05
Hero: posts big blind $0.1
*** HOLE CARDS ***
Dealt to dcfee759 
Dealt to 1cf6aff6 
Dealt to Hero [3h 8h]
Dealt to b1eaffea 
b1eaffea: raises $0.2 to $0.3
dcfee759: folds
1cf6aff6: folds
Hero: folds
Uncalled bet ($0.2) returned to b1eaffea
*** SHOWDOWN ***
b1eaffea collected $0.25 from pot
*** SUMMARY ***
Total pot $0.25 | Rake $0 | Jackpot $0 | Bingo $0 | Fortune $0 | Tax $0
Seat 1: dcfee759 (button) folded before Flop (didn't bet)
Seat 2: 1cf6aff6 (small blind) folded before Flop
Seat 3: Hero (big blind) folded before Flop
Seat 4: b1eaffea collected ($0.25)


Poker Hand #HD1773444975: Hold'em No Limit ($0.05/$0.1) - 2024/05/15 11:21:45
Table 'NLHRed8' 6-max Seat #4 is the button
Seat 1: dcfee759 ($10 in chips)
Seat 2: 1cf6aff6 ($15.21 in chips)
Seat 3: Hero ($10.27 in chips)
Seat 4: b1eaffea ($6.59 in chips)
dcfee759: posts small blind $0.05
1cf6aff6: posts big blind $0.1
*** HOLE CARDS ***
Dealt to dcfee759 
Dealt to 1cf6aff6 
Dealt to Hero [3s Tc]
Dealt to b1eaffea 
Hero: folds
b1eaffea: raises $0.2 to $0.3
dcfee759: folds
1cf6aff6: calls $0.2
*** FLOP *** [2c 5d 4d]
1cf6aff6: checks
b1eaffea: bets $0.49
1cf6aff6: calls $0.49
*** TURN *** [2c 5d 4d] [9s]
1cf6aff6: checks
b1eaffea: checks
*** RIVER *** [2c 5d 4d 9s] [8c]
1cf6aff6: bets $0.54
b1eaffea: raises $0.98 to $1.52
1cf6aff6: folds
Uncalled bet ($0.98) returned to b1eaffea
*** SHOWDOWN ***
b1eaffea collected $2.58 from pot
*** SUMMARY ***
Total pot $2.71 | Rake $0.13 | Jackpot $0 | Bingo $0 | Fortune $0 | Tax $0
Board [2c 5d 4d 9s 8c]
Seat 1: dcfee759 (small blind) folded before Flop
Seat 2: 1cf6aff6 (big blind) folded on the River
Seat 3: Hero folded before Flop (didn't bet)
Seat 4: b1eaffea (button) won ($2.58)


Poker Hand #HD1773444909: Hold'em No Limit ($0.05/$0.1) - 2024/05/15 11:21:12
Table 'NLHRed8' 6-max Seat #3 is the button
Seat 1: dcfee759 ($10 in chips)
Seat 2: 1cf6aff6 ($15.06 in chips)
Seat 3: Hero ($10.27 in chips)
Seat 4: b1eaffea ($6.64 in chips)
Seat 5: 7020dd72 ($15.46 in chips)
b1eaffea: posts small blind $0.05
7020dd72: posts big blind $0.1
*** HOLE CARDS ***
Dealt to dcfee759 
Dealt to 1cf6aff6 
Dealt to Hero [Qs Jc]
Dealt to b1eaffea 
Dealt to 7020dd72 
dcfee759: folds
1cf6aff6: raises $0.15 to $0.25
Hero: folds
b1eaffea: folds
7020dd72: folds
Uncalled bet ($0.15) returned to 1cf6aff6
*** SHOWDOWN ***
1cf6aff6 collected $0.25 from pot
*** SUMMARY ***
Total pot $0.25 | Rake $0 | Jackpot $0 | Bingo $0 | Fortune $0 | Tax $0
Seat 1: dcfee759 folded before Flop (didn't bet)
Seat 2: 1cf6aff6 collected ($0.25)
Seat 3: Hero (button) folded before Flop (didn't bet)
Seat 4: b1eaffea (small blind) folded before Flop
Seat 5: 7020dd72 (big blind) folded before Flop


Poker Hand #HD1773444782: Hold'em No Limit ($0.05/$0.1) - 2024/05/15 11:20:04
Table 'NLHRed8' 6-max Seat #2 is the button
Seat 1: dcfee759 ($10 in chips)
Seat 2: 1cf6aff6 ($14.27 in chips)
Seat 3: Hero ($10.32 in chips)
Seat 4: b1eaffea ($6.74 in chips)
Seat 5: 7020dd72 ($16.18 in chips)
Hero: posts small blind $0.05
b1eaffea: posts big blind $0.1
*** HOLE CARDS ***
Dealt to dcfee759 
Dealt to 1cf6aff6 
Dealt to Hero [7h 3s]
Dealt to b1eaffea 
Dealt to 7020dd72 
7020dd72: calls $0.1
dcfee759: folds
1cf6aff6: raises $0.3 to $0.4
Hero: folds
b1eaffea: folds
7020dd72: calls $0.3
*** FLOP *** [Ks 5h Ad]
7020dd72: checks
1cf6aff6: bets $0.32
7020dd72: calls $0.32
*** TURN *** [Ks 5h Ad] [5c]
7020dd72: checks
1cf6aff6: checks
*** RIVER *** [Ks 5h Ad 5c] [Ts]
7020dd72: checks
1cf6aff6: bets $0.53
7020dd72: folds
Uncalled bet ($0.53) returned to 1cf6aff6
7020dd72: shows [Th] (Pair of Tens and Pair of Fives)
*** SHOWDOWN ***
1cf6aff6 collected $1.51 from pot
*** SUMMARY ***
Total pot $1.59 | Rake $0.08 | Jackpot $0 | Bingo $0 | Fortune $0 | Tax $0
Board [Ks 5h Ad 5c Ts]
Seat 1: dcfee759 folded before Flop (didn't bet)
Seat 2: 1cf6aff6 (button) won ($1.51)
Seat 3: Hero (small blind) folded before Flop
Seat 4: b1eaffea (big blind) folded before Flop
Seat 5: 7020dd72 folded on the River


Poker Hand #HD1773444761: Hold'em No Limit ($0.05/$0.1) - 2024/05/15 11:19:53
Table 'NLHRed8' 6-max Seat #1 is the button
Seat 1: dcfee759 ($10 in chips)
Seat 2: 1cf6aff6 ($14.32 in chips)
Seat 3: Hero ($10.27 in chips)
Seat 4: b1eaffea ($6.74 in chips)
Seat 5: 7020dd72 ($16.18 in chips)
1cf6aff6: posts small blind $0.05
Hero: posts big blind $0.1
*** HOLE CARDS ***
Dealt to dcfee759 
Dealt to 1cf6aff6 
Dealt to Hero [Ts 5c]
Dealt to b1eaffea 
Dealt to 7020dd72 
b1eaffea: folds
7020dd72: folds
dcfee759: folds
1cf6aff6: folds
Uncalled bet ($0.05) returned to Hero
*** SHOWDOWN ***
Hero collected $0.1 from pot
*** SUMMARY ***
Total pot $0.1 | Rake $0 | Jackpot $0 | Bingo $0 | Fortune $0 | Tax $0
Seat 1: dcfee759 (button) folded before Flop (didn't bet)
Seat 2: 1cf6aff6 (small blind) folded before Flop
Seat 3: Hero (big blind) collected ($0.1)
Seat 4: b1eaffea folded before Flop (didn't bet)
Seat 5: 7020dd72 folded before Flop (didn't bet)


Poker Hand #HD1773444678: Hold'em No Limit ($0.05/$0.1) - 2024/05/15 11:19:01
Table 'NLHRed8' 6-max Seat #5 is the button
Seat 1: dcfee759 ($10 in chips)
Seat 2: 1cf6aff6 ($14.62 in chips)
Seat 3: Hero ($10.27 in chips)
Seat 4: b1eaffea ($7.04 in chips)
Seat 5: 7020dd72 ($15.29 in chips)
Seat 6: cd91f004 ($9.25 in chips)
cd91f004: posts small blind $0.05
dcfee759: posts big blind $0.1
*** HOLE CARDS ***
Dealt to dcfee759 
Dealt to 1cf6aff6 
Dealt to Hero [7d Js]
Dealt to b1eaffea 
Dealt to 7020dd72 
Dealt to cd91f004 
1cf6aff6: raises $0.2 to $0.3
Hero: folds
b1eaffea: calls $0.3
7020dd72: calls $0.3
cd91f004: folds
dcfee759: calls $0.2
*** FLOP *** [Jd Qh 3s]
dcfee759: checks
1cf6aff6: checks
b1eaffea: checks
7020dd72: bets $0.94
dcfee759: folds
1cf6aff6: folds
b1eaffea: folds
Uncalled bet ($0.94) returned to 7020dd72
*** SHOWDOWN ***
7020dd72 collected $1.19 from pot
*** SUMMARY ***
Total pot $1.25 | Rake $0.06 | Jackpot $0 | Bingo $0 | Fortune $0 | Tax $0
Board [Jd Qh 3s]
Seat 1: dcfee759 (big blind) folded on the Flop
Seat 2: 1cf6aff6 folded on the Flop
Seat 3: Hero folded before Flop (didn't bet)
Seat 4: b1eaffea folded on the Flop
Seat 5: 7020dd72 (button) won ($1.19)
Seat 6: cd91f004 (small blind) folded before Flop


Poker Hand #HD1773444589: Hold'em No Limit ($0.05/$0.1) - 2024/05/15 11:18:18
Table 'NLHRed8' 6-max Seat #4 is the button
Seat 1: dcfee759 ($10 in chips)
Seat 2: 1cf6aff6 ($14.62 in chips)
Seat 3: Hero ($10.27 in chips)
Seat 4: b1eaffea ($7.04 in chips)
Seat 5: 7020dd72 ($14.75 in chips)
Seat 6: cd91f004 ($9.85 in chips)
7020dd72: posts small blind $0.05
cd91f004: posts big blind $0.1
*** HOLE CARDS ***
Dealt to dcfee759 
Dealt to 1cf6aff6 
Dealt to Hero [4c Ah]
Dealt to b1eaffea 
Dealt to 7020dd72 
Dealt to cd91f004 
dcfee759: folds
1cf6aff6: folds
Hero: folds
b1eaffea: folds
7020dd72: calls $0.05
cd91f004: checks
*** FLOP *** [Qh 2h 9d]
7020dd72: checks
cd91f004: checks
*** TURN *** [Qh 2h 9d] [5h]
7020dd72: bets $0.1
cd91f004: calls $0.1
*** RIVER *** [Qh 2h 9d 5h] [7d]
7020dd72: checks
cd91f004: bets $0.4
7020dd72: calls $0.4
cd91f004: shows [Th 2s] (Pair of Twos)
7020dd72: shows [8c 9c] (Pair of Nines)
*** SHOWDOWN ***
7020dd72 collected $1.14 from pot
*** SUMMARY ***
Total pot $1.2 | Rake $0.06 | Jackpot $0 | Bingo $0 | Fortune $0 | Tax $0
Board [Qh 2h 9d 5h 7d]
Seat 1: dcfee759 folded before Flop (didn't bet)
Seat 2: 1cf6aff6 folded before Flop (didn't bet)
Seat 3: Hero folded before Flop (didn't bet)
Seat 4: b1eaffea (button) folded before Flop (didn't bet)
Seat 5: 7020dd72 (small blind) showed [8c 9c] and won ($1.14) with Pair of Nines
Seat 6: cd91f004 (big blind) showed [Th 2s] and lost with Pair of Twos


Poker Hand #HD1773444520: Hold'em No Limit ($0.05/$0.1) - 2024/05/15 11:17:41
Table 'NLHRed8' 6-max Seat #3 is the button
Seat 1: dcfee759 ($10 in chips)
Seat 2: 1cf6aff6 ($14.62 in chips)
Seat 3: Hero ($10 in chips)
Seat 4: b1eaffea ($7.09 in chips)
Seat 5: 7020dd72 ($14.99 in chips)
Seat 6: cd91f004 ($9.85 in chips)
b1eaffea: posts small blind $0.05
7020dd72: posts big blind $0.1
*** HOLE CARDS ***
Dealt to dcfee759 
Dealt to 1cf6aff6 
Dealt to Hero [Qs Qh]
Dealt to b1eaffea 
Dealt to 7020dd72 
Dealt to cd91f004 
cd91f004: folds
dcfee759: folds
1cf6aff6: folds
Hero: raises $0.14 to $0.24
b1eaffea: folds
7020dd72: calls $0.14
*** FLOP *** [3d 5s 8s]
7020dd72: checks
Hero: bets $0.2
7020dd72: folds
Uncalled bet ($0.2) returned to Hero
*** SHOWDOWN ***
Hero collected $0.51 from pot
*** SUMMARY ***
Total pot $0.53 | Rake $0.02 | Jackpot $0 | Bingo $0 | Fortune $0 | Tax $0
Board [3d 5s 8s]
Seat 1: dcfee759 folded before Flop (didn't bet)
Seat 2: 1cf6aff6 folded before Flop (didn't bet)
Seat 3: Hero (button) won ($0.51)
Seat 4: b1eaffea (small blind) folded before Flop
Seat 5: 7020dd72 (big blind) folded on the Flop
Seat 6: cd91f004 folded before Flop (didn't bet)


Poker Hand #HD1773444463: Hold'em No Limit ($0.05/$0.1) - 2024/05/15 11:17:08
Table 'NLHRed8' 6-max Seat #2 is the button
Seat 1: dcfee759 ($10 in chips)
Seat 2: 1cf6aff6 ($14.62 in chips)
Seat 3: Hero ($10 in chips)
Seat 4: b1eaffea ($6.82 in chips)
Seat 6: cd91f004 ($9.85 in chips)
Hero: posts small blind $0.05
b1eaffea: posts big blind $0.1
*** HOLE CARDS ***
Dealt to dcfee759 
Dealt to 1cf6aff6 
Dealt to Hero [As 6s]
Dealt to b1eaffea 
Dealt to cd91f004 
cd91f004: folds
dcfee759: folds
1cf6aff6: folds
Hero: raises $0.2 to $0.3
b1eaffea: calls $0.2
*** FLOP *** [8s 9d 2d]
Hero: checks
b1eaffea: bets $0.6
Hero: folds
Uncalled bet ($0.6) returned to b1eaffea
*** SHOWDOWN ***
b1eaffea collected $0.57 from pot
*** SUMMARY ***
Total pot $0.6 | Rake $0.03 | Jackpot $0 | Bingo $0 | Fortune $0 | Tax $0
Board [8s 9d 2d]
Seat 1: dcfee759 folded before Flop (didn't bet)
Seat 2: 1cf6aff6 (button) folded before Flop (didn't bet)
Seat 3: Hero (small blind) folded on the Flop
Seat 4: b1eaffea (big blind) won ($0.57)
Seat 6: cd91f004 folded before Flop (didn't bet)


Poker Hand #HD1773444435: Hold'em No Limit ($0.05/$0.1) - 2024/05/15 11:16:52
Table 'NLHRed8' 6-max Seat #1 is the button
Seat 1: dcfee759 ($10 in chips)
Seat 2: 1cf6aff6 ($14.67 in chips)
Seat 3: Hero ($10 in chips)
Seat 4: b1eaffea ($6.54 in chips)
Seat 6: cd91f004 ($10 in chips)
1cf6aff6: posts small blind $0.05
Hero: posts big blind $0.1
cd91f004: posts big blind $0.1
cd91f004: posts missed blind $0.05
*** HOLE CARDS ***
Dealt to dcfee759 
Dealt to 1cf6aff6 
Dealt to Hero [Ks 3s]
Dealt to b1eaffea 
Dealt to cd91f004 
b1eaffea: raises $0.3 to $0.4
cd91f004: folds
dcfee759: folds
1cf6aff6: folds
Hero: folds
Uncalled bet ($0.3) returned to b1eaffea
*** SHOWDOWN ***
b1eaffea collected $0.38 from pot
*** SUMMARY ***
Total pot $0.4 | Rake $0.02 | Jackpot $0 | Bingo $0 | Fortune $0 | Tax $0
Seat 1: dcfee759 (button) folded before Flop (didn't bet)
Seat 2: 1cf6aff6 (small blind) folded before Flop
Seat 3: Hero (big blind) folded before Flop
Seat 4: b1eaffea collected ($0.38)
Seat 6: cd91f004 folded before Flop


Poker Hand #HD1773444401: Hold'em No Limit ($0.05/$0.1) - 2024/05/15 11:16:31
Table 'NLHRed8' 6-max Seat #4 is the button
Seat 1: dcfee759 ($10 in chips)
Seat 2: 1cf6aff6 ($14.62 in chips)
Seat 3: Hero ($10 in chips)
Seat 4: b1eaffea ($6.54 in chips)
dcfee759: posts small blind $0.05
1cf6aff6: posts big blind $0.1
*** HOLE CARDS ***
Dealt to dcfee759 
Dealt to 1cf6aff6 
Dealt to Hero [7d 4c]
Dealt to b1eaffea 
Hero: folds
b1eaffea: folds
dcfee759: folds
Uncalled bet ($0.05) returned to 1cf6aff6
*** SHOWDOWN ***
1cf6aff6 collected $0.1 from pot
*** SUMMARY ***
Total pot $0.1 | Rake $0 | Jackpot $0 | Bingo $0 | Fortune $0 | Tax $0
Seat 1: dcfee759 (small blind) folded before Flop
Seat 2: 1cf6aff6 (big blind) collected ($0.1)
Seat 3: Hero folded before Flop (didn't bet)
Seat 4: b1eaffea (button) folded before Flop (didn't bet)


Poker Hand #HD1773444286: Hold'em No Limit ($0.05/$0.1) - 2024/05/15 11:15:36
Table 'NLHRed8' 6-max Seat #3 is the button
Seat 1: dcfee759 ($11.98 in chips)
Seat 2: 1cf6aff6 ($14.62 in chips)
Seat 3: Hero ($10 in chips)
Seat 4: b1eaffea ($3.49 in chips)
b1eaffea: posts small blind $0.05
dcfee759: posts big blind $0.1
*** HOLE CARDS ***
Dealt to dcfee759 
Dealt to 1cf6aff6 
Dealt to Hero [Js 6c]
Dealt to b1eaffea 
1cf6aff6: folds
Hero: folds
b1eaffea: raises $0.2 to $0.3
dcfee759: raises $0.9 to $1.2
b1eaffea: calls $0.9
*** FLOP *** [Qh 5c 3d]
b1eaffea: checks
dcfee759: bets $0.8
b1eaffea: raises $1.49 to $2.29 and is all-in
dcfee759: calls $1.49
b1eaffea: shows [Jd Qc] (Pair of Queens)
dcfee759: shows [Ac Kc] (Ace-High)
*** FIRST TURN *** [Qh 5c 3d] [Jh]
*** FIRST RIVER *** [Qh 5c 3d Jh] [6d]
*** SECOND TURN *** [Qh 5c 3d] [4d]
*** SECOND RIVER *** [Qh 5c 3d 4d] [3s]
*** FIRST SHOWDOWN ***
b1eaffea collected $3.27 from pot
*** SECOND SHOWDOWN ***
b1eaffea collected $3.27 from pot
*** SUMMARY ***
Total pot $6.98 | Rake $0.34 | Jackpot $0.1 | Bingo $0 | Fortune $0 | Tax $0
Hand was run two times
FIRST Board [Qh 5c 3d Jh 6d]
SECOND Board [4d 3s]
Seat 1: dcfee759 (big blind) showed [Ac Kc] and lost with Ace-High, and lost
Seat 2: 1cf6aff6 folded before Flop (didn't bet)
Seat 3: Hero (button) folded before Flop (didn't bet)
Seat 4: b1eaffea (small blind) showed [Jd Qc] and won ($3.27) with Pair of Queens and Pair of Jacks, and won ($3.27)


Poker Hand #HD1773444246: Hold'em No Limit ($0.05/$0.1) - 2024/05/15 11:15:13
Table 'NLHRed8' 6-max Seat #2 is the button
Seat 1: dcfee759 ($11.98 in chips)
Seat 2: 1cf6aff6 ($14.47 in chips)
Seat 3: Hero ($10 in chips)
Seat 4: b1eaffea ($3.59 in chips)
Seat 5: 7020dd72 ($14.99 in chips)
Hero: posts small blind $0.05
b1eaffea: posts big blind $0.1
*** HOLE CARDS ***
Dealt to dcfee759 
Dealt to 1cf6aff6 
Dealt to Hero [6d Ts]
Dealt to b1eaffea 
Dealt to 7020dd72 
7020dd72: folds
dcfee759: folds
1cf6aff6: raises $0.15 to $0.25
Hero: folds
b1eaffea: folds
Uncalled bet ($0.15) returned to 1cf6aff6
*** SHOWDOWN ***
1cf6aff6 collected $0.25 from pot
*** SUMMARY ***
Total pot $0.25 | Rake $0 | Jackpot $0 | Bingo $0 | Fortune $0 | Tax $0
Seat 1: dcfee759 folded before Flop (didn't bet)
Seat 2: 1cf6aff6 (button) collected ($0.25)
Seat 3: Hero (small blind) folded before Flop
Seat 4: b1eaffea (big blind) folded before Flop
Seat 5: 7020dd72 folded before Flop (didn't bet)


Poker Hand #HD1773444181: Hold'em No Limit ($0.05/$0.1) - 2024/05/15 11:14:42
Table 'NLHRed8' 6-max Seat #1 is the button
Seat 1: dcfee759 ($11.74 in chips)
Seat 2: 1cf6aff6 ($14.52 in chips)
Seat 3: Hero ($10 in chips)
Seat 4: b1eaffea ($3.59 in chips)
Seat 5: 7020dd72 ($15.09 in chips)
1cf6aff6: posts small blind $0.05
Hero: posts big blind $0.1
*** HOLE CARDS ***
Dealt to dcfee759 
Dealt to 1cf6aff6 
Dealt to Hero [Jd 7c]
Dealt to b1eaffea 
Dealt to 7020dd72 
b1eaffea: folds
7020dd72: calls $0.1
dcfee759: raises $0.3 to $0.4
1cf6aff6: folds
Hero: folds
7020dd72: folds
Uncalled bet ($0.3) returned to dcfee759
*** SHOWDOWN ***
dcfee759 collected $0.34 from pot
*** SUMMARY ***
Total pot $0.35 | Rake $0.01 | Jackpot $0 | Bingo $0 | Fortune $0 | Tax $0
Seat 1: dcfee759 (button) collected ($0.34)
Seat 2: 1cf6aff6 (small blind) folded before Flop
Seat 3: Hero (big blind) folded before Flop
Seat 4: b1eaffea folded before Flop (didn't bet)
Seat 5: 7020dd72 folded before Flop


Poker Hand #HD1773444020: Hold'em No Limit ($0.05/$0.1) - 2024/05/15 11:13:19
Table 'NLHRed8' 6-max Seat #6 is the button
Seat 1: dcfee759 ($11.79 in chips)
Seat 2: 1cf6aff6 ($10 in chips)
Seat 3: Hero ($10 in chips)
Seat 4: b1eaffea ($3.59 in chips)
Seat 5: 7020dd72 ($15.09 in chips)
Seat 6: cd91f004 ($4.86 in chips)
dcfee759: posts small blind $0.05
1cf6aff6: posts big blind $0.1
*** HOLE CARDS ***
Dealt to dcfee759 
Dealt to 1cf6aff6 
Dealt to Hero [4d Ad]
Dealt to b1eaffea 
Dealt to 7020dd72 
Dealt to cd91f004 
Hero: raises $0.1 to $0.2
b1eaffea: folds
7020dd72: folds
cd91f004: calls $0.2
dcfee759: folds
1cf6aff6: calls $0.1
*** FLOP *** [6h 9h Th]
1cf6aff6: checks
Hero: checks
cd91f004: checks
*** TURN *** [6h 9h Th] [4s]
1cf6aff6: bets $0.49
Hero: folds
cd91f004: calls $0.49
*** RIVER *** [6h 9h Th 4s] [2h]
1cf6aff6: bets $1.45
cd91f004: raises $2.72 to $4.17 and is all-in
1cf6aff6: calls $2.72
cd91f004: shows [3h 6c] (Ten High Flush)
1cf6aff6: shows [Ah 3c] (Ace High Flush)
*** SHOWDOWN ***
1cf6aff6 collected $9.38 from pot
*** SUMMARY ***
Total pot $9.97 | Rake $0.49 | Jackpot $0.1 | Bingo $0 | Fortune $0 | Tax $0
Board [6h 9h Th 4s 2h]
Seat 1: dcfee759 (small blind) folded before Flop
Seat 2: 1cf6aff6 (big blind) showed [Ah 3c] and won ($9.38) with Ace High Flush
Seat 3: Hero folded on the Turn
Seat 4: b1eaffea folded before Flop (didn't bet)
Seat 5: 7020dd72 folded before Flop (didn't bet)
Seat 6: cd91f004 (button) showed [3h 6c] and lost with Ten High Flush


Poker Hand #HD1773443823: Hold'em No Limit ($0.05/$0.1) - 2024/05/15 11:11:42
Table 'NLHRed8' 6-max Seat #5 is the button
Seat 1: dcfee759 ($11.89 in chips)
Seat 3: Hero ($10 in chips)
Seat 4: b1eaffea ($3.89 in chips)
Seat 5: 7020dd72 ($15.79 in chips)
Seat 6: cd91f004 ($3.85 in chips)
cd91f004: posts small blind $0.05
dcfee759: posts big blind $0.1
*** HOLE CARDS ***
Dealt to dcfee759 
Dealt to Hero [7d Td]
Dealt to b1eaffea 
Dealt to 7020dd72 
Dealt to cd91f004 
Hero: folds
b1eaffea: calls $0.1
7020dd72: calls $0.1
cd91f004: raises $0.2 to $0.3
dcfee759: folds
b1eaffea: calls $0.2
7020dd72: calls $0.2
*** FLOP *** [9c As 5d]
cd91f004: bets $0.4
b1eaffea: folds
7020dd72: calls $0.4
*** TURN *** [9c As 5d] [Kh]
cd91f004: checks
7020dd72: checks
*** RIVER *** [9c As 5d Kh] [Jd]
cd91f004: checks
7020dd72: checks
cd91f004: shows [Kc 8c] (Pair of Kings)
7020dd72: shows [9s Ts] (Pair of Nines)
*** SHOWDOWN ***
cd91f004 collected $1.71 from pot
*** SUMMARY ***
Total pot $1.8 | Rake $0.09 | Jackpot $0 | Bingo $0 | Fortune $0 | Tax $0
Board [9c As 5d Kh Jd]
Seat 1: dcfee759 (big blind) folded before Flop
Seat 3: Hero folded before Flop (didn't bet)
Seat 4: b1eaffea folded on the Flop
Seat 5: 7020dd72 (button) showed [9s Ts] and lost with Pair of Nines
Seat 6: cd91f004 (small blind) showed [Kc 8c] and won ($1.71) with Pair of Kings


Poker Hand #HD1773443680: Hold'em No Limit ($0.05/$0.1) - 2024/05/15 11:10:30
Table 'NLHRed8' 6-max Seat #4 is the button
Seat 1: dcfee759 ($11.89 in chips)
Seat 3: Hero ($10 in chips)
Seat 4: b1eaffea ($4.69 in chips)
Seat 5: 7020dd72 ($7.96 in chips)
Seat 6: cd91f004 ($11.81 in chips)
7020dd72: posts small blind $0.05
cd91f004: posts big blind $0.1
*** HOLE CARDS ***
Dealt to dcfee759 
Dealt to Hero [Kc 8s]
Dealt to b1eaffea 
Dealt to 7020dd72 
Dealt to cd91f004 
dcfee759: folds
Hero: folds
b1eaffea: calls $0.1
7020dd72: calls $0.05
cd91f004: raises $0.3 to $0.4
b1eaffea: calls $0.3
7020dd72: calls $0.3
*** FLOP *** [7s Jd 5h]
7020dd72: checks
cd91f004: bets $0.4
b1eaffea: calls $0.4
7020dd72: raises $0.8 to $1.2
cd91f004: calls $0.8
b1eaffea: folds
*** TURN *** [7s Jd 5h] [Tc]
7020dd72: bets $1.32
cd91f004: raises $4.98 to $6.3
7020dd72: raises $0.06 to $6.36 and is all-in
cd91f004: calls $0.06
7020dd72: shows [5d 5c] (Three Fives)
cd91f004: shows [Ah Js] (Pair of Jacks)
*** RIVER *** [7s Jd 5h Tc] [3h]
*** SHOWDOWN ***
7020dd72 collected $15.79 from pot
*** SUMMARY ***
Total pot $16.72 | Rake $0.83 | Jackpot $0.1 | Bingo $0 | Fortune $0 | Tax $0
Board [7s Jd 5h Tc 3h]
Seat 1: dcfee759 folded before Flop (didn't bet)
Seat 3: Hero folded before Flop (didn't bet)
Seat 4: b1eaffea (button) folded on the Flop
Seat 5: 7020dd72 (small blind) showed [5d 5c] and won ($15.79) with Three Fives
Seat 6: cd91f004 (big blind) showed [Ah Js] and lost with Pair of Jacks


Poker Hand #HD1773443555: Hold'em No Limit ($0.05/$0.1) - 2024/05/15 11:09:25
Table 'NLHRed8' 6-max Seat #3 is the button
Seat 1: dcfee759 ($11.89 in chips)
Seat 2: ac18dedc ($14.63 in chips)
Seat 3: Hero ($10 in chips)
Seat 4: b1eaffea ($5.74 in chips)
Seat 5: 7020dd72 ($7.01 in chips)
Seat 6: cd91f004 ($11.81 in chips)
b1eaffea: posts small blind $0.05
7020dd72: posts big blind $0.1
*** HOLE CARDS ***
Dealt to dcfee759 
Dealt to ac18dedc 
Dealt to Hero [9h 2h]
Dealt to b1eaffea 
Dealt to 7020dd72 
Dealt to cd91f004 
cd91f004: folds
dcfee759: folds
ac18dedc: folds
Hero: folds
b1eaffea: calls $0.05
7020dd72: checks
*** FLOP *** [Ts 3c 7c]
b1eaffea: bets $0.15
7020dd72: calls $0.15
*** TURN *** [Ts 3c 7c] [8s]
b1eaffea: bets $0.38
7020dd72: raises $0.42 to $0.8
b1eaffea: calls $0.42
*** RIVER *** [Ts 3c 7c 8s] [9c]
b1eaffea: checks
7020dd72: checks
b1eaffea: shows [5s Ks] (King-High)
7020dd72: shows [8d 7h] (Pair of Eights and Pair of Sevens)
*** SHOWDOWN ***
7020dd72 collected $2 from pot
*** SUMMARY ***
Total pot $2.1 | Rake $0.1 | Jackpot $0 | Bingo $0 | Fortune $0 | Tax $0
Board [Ts 3c 7c 8s 9c]
Seat 1: dcfee759 folded before Flop (didn't bet)
Seat 2: ac18dedc folded before Flop (didn't bet)
Seat 3: Hero (button) folded before Flop (didn't bet)
Seat 4: b1eaffea (small blind) showed [5s Ks] and lost with King-High
Seat 5: 7020dd72 (big blind) showed [8d 7h] and won ($2) with Pair of Eights and Pair of Sevens
Seat 6: cd91f004 folded before Flop (didn't bet)


Poker Hand #HD1773443537: Hold'em No Limit ($0.05/$0.1) - 2024/05/15 11:09:14
Table 'NLHRed8' 6-max Seat #2 is the button
Seat 1: dcfee759 ($11.89 in chips)
Seat 2: ac18dedc ($14.63 in chips)
Seat 3: Hero ($10 in chips)
Seat 4: b1eaffea ($5.69 in chips)
Seat 6: cd91f004 ($11.81 in chips)
Hero: posts small blind $0.05
b1eaffea: posts big blind $0.1
*** HOLE CARDS ***
Dealt to dcfee759 
Dealt to ac18dedc 
Dealt to Hero [5c Kh]
Dealt to b1eaffea 
Dealt to cd91f004 
cd91f004: folds
dcfee759: folds
ac18dedc: folds
Hero: folds
Uncalled bet ($0.05) returned to b1eaffea
*** SHOWDOWN ***
b1eaffea collected $0.1 from pot
*** SUMMARY ***
Total pot $0.1 | Rake $0 | Jackpot $0 | Bingo $0 | Fortune $0 | Tax $0
Seat 1: dcfee759 folded before Flop (didn't bet)
Seat 2: ac18dedc (button) folded before Flop (didn't bet)
Seat 3: Hero (small blind) folded before Flop
Seat 4: b1eaffea (big blind) collected ($0.1)
Seat 6: cd91f004 folded before Flop (didn't bet)


Poker Hand #HD1773443444: Hold'em No Limit ($0.05/$0.1) - 2024/05/15 11:08:30
Table 'NLHRed8' 6-max Seat #1 is the button
Seat 1: dcfee759 ($11.89 in chips)
Seat 2: ac18dedc ($14.68 in chips)
Seat 3: Hero ($10 in chips)
Seat 4: b1eaffea ($6.35 in chips)
Seat 6: cd91f004 ($11.07 in chips)
ac18dedc: posts small blind $0.05
Hero: posts big blind $0.1
*** HOLE CARDS ***
Dealt to dcfee759 
Dealt to ac18dedc 
Dealt to Hero [4s 8s]
Dealt to b1eaffea 
Dealt to cd91f004 
b1eaffea: raises $0.25 to $0.35
cd91f004: calls $0.35
dcfee759: folds
ac18dedc: folds
Hero: folds
*** FLOP *** [5c 3c 5s]
b1eaffea: checks
cd91f004: checks
*** TURN *** [5c 3c 5s] [5h]
b1eaffea: bets $0.31
cd91f004: calls $0.31
*** RIVER *** [5c 3c 5s 5h] [Ks]
b1eaffea: checks
cd91f004: bets $1.2
b1eaffea: folds
Uncalled bet ($1.2) returned to cd91f004
*** SHOWDOWN ***
cd91f004 collected $1.4 from pot
*** SUMMARY ***
Total pot $1.47 | Rake $0.07 | Jackpot $0 | Bingo $0 | Fortune $0 | Tax $0
Board [5c 3c 5s 5h Ks]
Seat 1: dcfee759 (button) folded before Flop (didn't bet)
Seat 2: ac18dedc (small blind) folded before Flop
Seat 3: Hero (big blind) folded before Flop
Seat 4: b1eaffea folded on the River
Seat 6: cd91f004 won ($1.4)


Poker Hand #HD1773443357: Hold'em No Limit ($0.05/$0.1) - 2024/05/15 11:07:40
Table 'NLHRed8' 6-max Seat #6 is the button
Seat 1: dcfee759 ($11.94 in chips)
Seat 2: ac18dedc ($13.8 in chips)
Seat 3: Hero ($10 in chips)
Seat 4: b1eaffea ($6.35 in chips)
Seat 6: cd91f004 ($11.99 in chips)
dcfee759: posts small blind $0.05
ac18dedc: posts big blind $0.1
*** HOLE CARDS ***
Dealt to dcfee759 
Dealt to ac18dedc 
Dealt to Hero [8s 6h]
Dealt to b1eaffea 
Dealt to cd91f004 
Hero: folds
b1eaffea: folds
cd91f004: raises $0.1 to $0.2
dcfee759: folds
ac18dedc: raises $0.34 to $0.54
cd91f004: calls $0.34
*** FLOP *** [3s Qc Js]
ac18dedc: bets $0.38
cd91f004: calls $0.38
*** TURN *** [3s Qc Js] [3c]
ac18dedc: bets $1.89
cd91f004: folds
Uncalled bet ($1.89) returned to ac18dedc
*** SHOWDOWN ***
ac18dedc collected $1.8 from pot
*** SUMMARY ***
Total pot $1.89 | Rake $0.09 | Jackpot $0 | Bingo $0 | Fortune $0 | Tax $0
Board [3s Qc Js 3c]
Seat 1: dcfee759 (small blind) folded before Flop
Seat 2: ac18dedc (big blind) won ($1.8)
Seat 3: Hero folded before Flop (didn't bet)
Seat 4: b1eaffea folded before Flop (didn't bet)
Seat 6: cd91f004 (button) folded on the Turn


Poker Hand #HD1773443180: Hold'em No Limit ($0.05/$0.1) - 2024/05/15 11:06:13
Table 'NLHRed8' 6-max Seat #4 is the button
Seat 1: dcfee759 ($12.04 in chips)
Seat 2: ac18dedc ($15.5 in chips)
Seat 3: Hero ($10 in chips)
Seat 4: b1eaffea ($6.35 in chips)
Seat 6: cd91f004 ($10.46 in chips)
cd91f004: posts small blind $0.05
dcfee759: posts big blind $0.1
*** HOLE CARDS ***
Dealt to dcfee759 
Dealt to ac18dedc 
Dealt to Hero [2d Kd]
Dealt to b1eaffea 
Dealt to cd91f004 
ac18dedc: raises $0.2 to $0.3
Hero: folds
b1eaffea: folds
cd91f004: calls $0.25
dcfee759: folds
*** FLOP *** [9c Qd 4h]
cd91f004: checks
ac18dedc: bets $0.35
cd91f004: calls $0.35
*** TURN *** [9c Qd 4h] [Ac]
cd91f004: checks
ac18dedc: bets $1.05
cd91f004: calls $1.05
*** RIVER *** [9c Qd 4h Ac] [4d]
cd91f004: checks
ac18dedc: checks
cd91f004: shows [Ad 8s] (Pair of Aces and Pair of Fours)
ac18dedc: shows [Tc Td] (Pair of Tens and Pair of Fours)
*** SHOWDOWN ***
cd91f004 collected $3.23 from pot
*** SUMMARY ***
Total pot $3.5 | Rake $0.17 | Jackpot $0.1 | Bingo $0 | Fortune $0 | Tax $0
Board [9c Qd 4h Ac 4d]
Seat 1: dcfee759 (big blind) folded before Flop
Seat 2: ac18dedc showed [Tc Td] and lost with Pair of Tens and Pair of Fours
Seat 3: Hero folded before Flop (didn't bet)
Seat 4: b1eaffea (button) folded before Flop (didn't bet)
Seat 6: cd91f004 (small blind) showed [Ad 8s] and won ($3.23) with Pair of Aces and Pair of Fours


Poker Hand #HD1773443128: Hold'em No Limit ($0.05/$0.1) - 2024/05/15 11:05:46
Table 'NLHRed8' 6-max Seat #3 is the button
Seat 1: dcfee759 ($12.04 in chips)
Seat 2: ac18dedc ($15.5 in chips)
Seat 3: Hero ($10 in chips)
Seat 4: b1eaffea ($6.4 in chips)
Seat 6: cd91f004 ($10.41 in chips)
b1eaffea: posts small blind $0.05
cd91f004: posts big blind $0.1
*** HOLE CARDS ***
Dealt to dcfee759 
Dealt to ac18dedc 
Dealt to Hero [4c 7d]
Dealt to b1eaffea 
Dealt to cd91f004 
dcfee759: folds
ac18dedc: folds
Hero: folds
b1eaffea: folds
Uncalled bet ($0.05) returned to cd91f004
*** SHOWDOWN ***
cd91f004 collected $0.1 from pot
*** SUMMARY ***
Total pot $0.1 | Rake $0 | Jackpot $0 | Bingo $0 | Fortune $0 | Tax $0
Seat 1: dcfee759 folded before Flop (didn't bet)
Seat 2: ac18dedc folded before Flop (didn't bet)
Seat 3: Hero (button) folded before Flop (didn't bet)
Seat 4: b1eaffea (small blind) folded before Flop
Seat 6: cd91f004 (big blind) collected ($0.1)


Poker Hand #HD1773443027: Hold'em No Limit ($0.05/$0.1) - 2024/05/15 11:04:59
Table 'NLHRed8' 6-max Seat #2 is the button
Seat 1: dcfee759 ($12.04 in chips)
Seat 2: ac18dedc ($15.5 in chips)
Seat 3: Hero ($10 in chips)
Seat 4: b1eaffea ($6.8 in chips)
Seat 5: 7020dd72 ($7.01 in chips)
Seat 6: cd91f004 ($10 in chips)
Hero: posts small blind $0.05
b1eaffea: posts big blind $0.1
cd91f004: posts big blind $0.1
*** HOLE CARDS ***
Dealt to dcfee759 
Dealt to ac18dedc 
Dealt to Hero [2h 3h]
Dealt to b1eaffea 
Dealt to 7020dd72 
Dealt to cd91f004 
7020dd72: folds
cd91f004: raises $0.1 to $0.2
dcfee759: folds
ac18dedc: folds
Hero: folds
b1eaffea: calls $0.1
*** FLOP *** [8h 9c 7h]
b1eaffea: checks
cd91f004: checks
*** TURN *** [8h 9c 7h] [5d]
b1eaffea: checks
cd91f004: bets $0.2
b1eaffea: calls $0.2
*** RIVER *** [8h 9c 7h 5d] [9d]
b1eaffea: checks
cd91f004: bets $0.8
b1eaffea: folds
Uncalled bet ($0.8) returned to cd91f004
*** SHOWDOWN ***
cd91f004 collected $0.81 from pot
*** SUMMARY ***
Total pot $0.85 | Rake $0.04 | Jackpot $0 | Bingo $0 | Fortune $0 | Tax $0
Board [8h 9c 7h 5d 9d]
Seat 1: dcfee759 folded before Flop (didn't bet)
Seat 2: ac18dedc (button) folded before Flop (didn't bet)
Seat 3: Hero (small blind) folded before Flop
Seat 4: b1eaffea (big blind) folded on the River
Seat 5: 7020dd72 folded before Flop (didn't bet)
Seat 6: cd91f004 won ($0.81)


Poker Hand #HD1773443004: Hold'em No Limit ($0.05/$0.1) - 2024/05/15 11:04:45
Table 'NLHRed8' 6-max Seat #1 is the button
Seat 1: dcfee759 ($12.04 in chips)
Seat 2: ac18dedc ($15.55 in chips)
Seat 3: Hero ($10 in chips)
Seat 4: b1eaffea ($6.65 in chips)
Seat 5: 7020dd72 ($7.01 in chips)
ac18dedc: posts small blind $0.05
Hero: posts big blind $0.1
*** HOLE CARDS ***
Dealt to dcfee759 
Dealt to ac18dedc 
Dealt to Hero [9d Kh]
Dealt to b1eaffea 
Dealt to 7020dd72 
b1eaffea: raises $0.3 to $0.4
7020dd72: folds
dcfee759: folds
ac18dedc: folds
Hero: folds
Uncalled bet ($0.3) returned to b1eaffea
*** SHOWDOWN ***
b1eaffea collected $0.25 from pot
*** SUMMARY ***
Total pot $0.25 | Rake $0 | Jackpot $0 | Bingo $0 | Fortune $0 | Tax $0
Seat 1: dcfee759 (button) folded before Flop (didn't bet)
Seat 2: ac18dedc (small blind) folded before Flop
Seat 3: Hero (big blind) folded before Flop
Seat 4: b1eaffea collected ($0.25)
Seat 5: 7020dd72 folded before Flop (didn't bet)


