Poker Hand #HD1733568743: Hold'em No Limit ($0.02/$0.05) - 2024/04/16 23:05:02
Table 'NLHBlue33' 6-max Seat #5 is the button
Seat 1: 15451adf ($10.04 in chips)
Seat 2: 11a3134a ($4.86 in chips)
Seat 3: 98c6b7e4 ($4.39 in chips)
Seat 4: 78d2d684 ($4.44 in chips)
Seat 5: fb4b7bf3 ($5.96 in chips)
Seat 6: Hero ($10.27 in chips)
Hero: posts small blind $0.02
15451adf: posts big blind $0.05
*** HOLE CARDS ***
Dealt to 15451adf 
Dealt to 11a3134a 
Dealt to 98c6b7e4 
Dealt to 78d2d684 
Dealt to fb4b7bf3 
Dealt to Hero [7c 4c]
11a3134a: folds
98c6b7e4: folds
78d2d684: folds
fb4b7bf3: raises $0.06 to $0.11
Hero: folds
15451adf: calls $0.06
*** FLOP *** [Ts 3s Kh]
15451adf: checks
fb4b7bf3: bets $0.08
15451adf: calls $0.08
*** TURN *** [Ts 3s Kh] [8d]
15451adf: checks
fb4b7bf3: bets $0.4
15451adf: calls $0.4
*** RIVER *** [Ts 3s Kh 8d] [8h]
15451adf: bets $0.05
fb4b7bf3: raises $0.7 to $0.75
15451adf: folds
Uncalled bet ($0.7) returned to fb4b7bf3
15451adf: shows [Kd] (Pair of Kings and Pair of Eights)
fb4b7bf3: shows [8s Ks] (Eights Full over Kings)
*** SHOWDOWN ***
fb4b7bf3 collected $1.24 from pot
*** SUMMARY ***
Total pot $1.3 | Rake $0.06 | Jackpot $0 | Bingo $0 | Fortune $0 | Tax $0
Board [Ts 3s Kh 8d 8h]
Seat 1: 15451adf (big blind) folded on the River
Seat 2: 11a3134a folded before Flop (didn't bet)
Seat 3: 98c6b7e4 folded before Flop (didn't bet)
Seat 4: 78d2d684 folded before Flop (didn't bet)
Seat 5: fb4b7bf3 (button) showed [8s Ks] and won ($1.24)
Seat 6: Hero (small blind) folded before Flop


Poker Hand #HD1733568705: Hold'em No Limit ($0.02/$0.05) - 2024/04/16 23:04:44
Table 'NLHBlue33' 6-max Seat #4 is the button
Seat 1: 15451adf ($10.04 in chips)
Seat 2: 11a3134a ($4.86 in chips)
Seat 3: 98c6b7e4 ($4.39 in chips)
Seat 4: 78d2d684 ($4.37 in chips)
Seat 5: fb4b7bf3 ($5.98 in chips)
Seat 6: Hero ($10.32 in chips)
fb4b7bf3: posts small blind $0.02
Hero: posts big blind $0.05
*** HOLE CARDS ***
Dealt to 15451adf 
Dealt to 11a3134a 
Dealt to 98c6b7e4 
Dealt to 78d2d684 
Dealt to fb4b7bf3 
Dealt to Hero [2s 8c]
15451adf: folds
11a3134a: folds
98c6b7e4: folds
78d2d684: raises $0.1 to $0.15
fb4b7bf3: folds
Hero: folds
Uncalled bet ($0.1) returned to 78d2d684
*** SHOWDOWN ***
78d2d684 collected $0.12 from pot
*** SUMMARY ***
Total pot $0.12 | Rake $0 | Jackpot $0 | Bingo $0 | Fortune $0 | Tax $0
Seat 1: 15451adf folded before Flop (didn't bet)
Seat 2: 11a3134a folded before Flop (didn't bet)
Seat 3: 98c6b7e4 folded before Flop (didn't bet)
Seat 4: 78d2d684 (button) collected ($0.12)
Seat 5: fb4b7bf3 (small blind) folded before Flop
Seat 6: Hero (big blind) folded before Flop


Poker Hand #HD1733568687: Hold'em No Limit ($0.02/$0.05) - 2024/04/16 23:04:31
Table 'NLHBlue33' 6-max Seat #3 is the button
Seat 1: 15451adf ($10.04 in chips)
Seat 2: 11a3134a ($4.86 in chips)
Seat 3: 98c6b7e4 ($4.39 in chips)
Seat 4: 78d2d684 ($4.32 in chips)
Seat 5: fb4b7bf3 ($6.03 in chips)
Seat 6: Hero ($10.32 in chips)
78d2d684: posts small blind $0.02
fb4b7bf3: posts big blind $0.05
*** HOLE CARDS ***
Dealt to 15451adf 
Dealt to 11a3134a 
Dealt to 98c6b7e4 
Dealt to 78d2d684 
Dealt to fb4b7bf3 
Dealt to Hero [Qh 2d]
Hero: folds
15451adf: folds
11a3134a: folds
98c6b7e4: folds
78d2d684: raises $0.1 to $0.15
fb4b7bf3: folds
Uncalled bet ($0.1) returned to 78d2d684
*** SHOWDOWN ***
78d2d684 collected $0.1 from pot
*** SUMMARY ***
Total pot $0.1 | Rake $0 | Jackpot $0 | Bingo $0 | Fortune $0 | Tax $0
Seat 1: 15451adf folded before Flop (didn't bet)
Seat 2: 11a3134a folded before Flop (didn't bet)
Seat 3: 98c6b7e4 (button) folded before Flop (didn't bet)
Seat 4: 78d2d684 (small blind) collected ($0.1)
Seat 5: fb4b7bf3 (big blind) folded before Flop
Seat 6: Hero folded before Flop (didn't bet)


Poker Hand #HD1733568634: Hold'em No Limit ($0.02/$0.05) - 2024/04/16 23:04:01
Table 'NLHBlue33' 6-max Seat #2 is the button
Seat 1: 15451adf ($10.17 in chips)
Seat 2: 11a3134a ($4.86 in chips)
Seat 3: 98c6b7e4 ($4.22 in chips)
Seat 4: 78d2d684 ($4.37 in chips)
Seat 5: fb4b7bf3 ($6.03 in chips)
Seat 6: Hero ($10.32 in chips)
98c6b7e4: posts small blind $0.02
78d2d684: posts big blind $0.05
*** HOLE CARDS ***
Dealt to 15451adf 
Dealt to 11a3134a 
Dealt to 98c6b7e4 
Dealt to 78d2d684 
Dealt to fb4b7bf3 
Dealt to Hero [Kh 3d]
fb4b7bf3: folds
Hero: folds
15451adf: raises $0.08 to $0.13
11a3134a: folds
98c6b7e4: raises $0.24 to $0.37
78d2d684: folds
15451adf: folds
Uncalled bet ($0.24) returned to 98c6b7e4
*** SHOWDOWN ***
98c6b7e4 collected $0.3 from pot
*** SUMMARY ***
Total pot $0.31 | Rake $0.01 | Jackpot $0 | Bingo $0 | Fortune $0 | Tax $0
Seat 1: 15451adf folded before Flop
Seat 2: 11a3134a (button) folded before Flop (didn't bet)
Seat 3: 98c6b7e4 (small blind) collected ($0.3)
Seat 4: 78d2d684 (big blind) folded before Flop
Seat 5: fb4b7bf3 folded before Flop (didn't bet)
Seat 6: Hero folded before Flop (didn't bet)


Poker Hand #HD1733568558: Hold'em No Limit ($0.02/$0.05) - 2024/04/16 23:03:19
Table 'NLHBlue33' 6-max Seat #1 is the button
Seat 1: 15451adf ($10.17 in chips)
Seat 2: 11a3134a ($4.88 in chips)
Seat 3: 98c6b7e4 ($4.49 in chips)
Seat 4: 78d2d684 ($4.1 in chips)
Seat 5: fb4b7bf3 ($6.03 in chips)
Seat 6: Hero ($10.32 in chips)
11a3134a: posts small blind $0.02
98c6b7e4: posts big blind $0.05
*** HOLE CARDS ***
Dealt to 15451adf 
Dealt to 11a3134a 
Dealt to 98c6b7e4 
Dealt to 78d2d684 
Dealt to fb4b7bf3 
Dealt to Hero [7h 4c]
78d2d684: raises $0.05 to $0.1
fb4b7bf3: folds
Hero: folds
15451adf: folds
11a3134a: folds
98c6b7e4: calls $0.05
*** FLOP *** [3h 7c 9h]
98c6b7e4: bets $0.17
78d2d684: calls $0.17
*** TURN *** [3h 7c 9h] [As]
98c6b7e4: checks
78d2d684: bets $0.42
98c6b7e4: folds
Uncalled bet ($0.42) returned to 78d2d684
*** SHOWDOWN ***
78d2d684 collected $0.54 from pot
*** SUMMARY ***
Total pot $0.56 | Rake $0.02 | Jackpot $0 | Bingo $0 | Fortune $0 | Tax $0
Board [3h 7c 9h As]
Seat 1: 15451adf (button) folded before Flop (didn't bet)
Seat 2: 11a3134a (small blind) folded before Flop
Seat 3: 98c6b7e4 (big blind) folded on the Turn
Seat 4: 78d2d684 won ($0.54)
Seat 5: fb4b7bf3 folded before Flop (didn't bet)
Seat 6: Hero folded before Flop (didn't bet)


Poker Hand #HD1733568462: Hold'em No Limit ($0.02/$0.05) - 2024/04/16 23:02:32
Table 'NLHBlue33' 6-max Seat #6 is the button
Seat 1: 15451adf ($10.19 in chips)
Seat 2: 11a3134a ($4.93 in chips)
Seat 3: 98c6b7e4 ($4.49 in chips)
Seat 4: 78d2d684 ($3.88 in chips)
Seat 5: fb4b7bf3 ($6.2 in chips)
Seat 6: Hero ($10.32 in chips)
15451adf: posts small blind $0.02
11a3134a: posts big blind $0.05
*** HOLE CARDS ***
Dealt to 15451adf 
Dealt to 11a3134a 
Dealt to 98c6b7e4 
Dealt to 78d2d684 
Dealt to fb4b7bf3 
Dealt to Hero [Kh 5d]
98c6b7e4: folds
78d2d684: calls $0.05
fb4b7bf3: raises $0.12 to $0.17
Hero: folds
15451adf: folds
11a3134a: folds
78d2d684: calls $0.12
*** FLOP *** [7d 8c 6h]
78d2d684: checks
fb4b7bf3: checks
*** TURN *** [7d 8c 6h] [4h]
78d2d684: bets $0.31
fb4b7bf3: folds
Uncalled bet ($0.31) returned to 78d2d684
*** SHOWDOWN ***
78d2d684 collected $0.39 from pot
*** SUMMARY ***
Total pot $0.41 | Rake $0.02 | Jackpot $0 | Bingo $0 | Fortune $0 | Tax $0
Board [7d 8c 6h 4h]
Seat 1: 15451adf (small blind) folded before Flop
Seat 2: 11a3134a (big blind) folded before Flop
Seat 3: 98c6b7e4 folded before Flop (didn't bet)
Seat 4: 78d2d684 won ($0.39)
Seat 5: fb4b7bf3 folded on the Turn
Seat 6: Hero (button) folded before Flop (didn't bet)


Poker Hand #HD1733568283: Hold'em No Limit ($0.02/$0.05) - 2024/04/16 23:01:00
Table 'NLHBlue33' 6-max Seat #5 is the button
Seat 1: 15451adf ($9.32 in chips)
Seat 2: 11a3134a ($4.93 in chips)
Seat 3: 98c6b7e4 ($4.49 in chips)
Seat 4: 78d2d684 ($4.87 in chips)
Seat 5: fb4b7bf3 ($6.2 in chips)
Seat 6: Hero ($10.34 in chips)
Hero: posts small blind $0.02
15451adf: posts big blind $0.05
*** HOLE CARDS ***
Dealt to 15451adf 
Dealt to 11a3134a 
Dealt to 98c6b7e4 
Dealt to 78d2d684 
Dealt to fb4b7bf3 
Dealt to Hero [3s Qd]
11a3134a: folds
98c6b7e4: folds
78d2d684: calls $0.05
fb4b7bf3: folds
Hero: folds
15451adf: checks
*** FLOP *** [2s Qs 8d]
15451adf: checks
78d2d684: checks
*** TURN *** [2s Qs 8d] [Kc]
15451adf: bets $0.1
78d2d684: raises $0.24 to $0.34
15451adf: calls $0.24
*** RIVER *** [2s Qs 8d Kc] [3h]
15451adf: checks
78d2d684: bets $0.6
15451adf: calls $0.6
78d2d684: shows [Ad 3c] (Pair of Treys)
15451adf: shows [Ks 7s] (Pair of Kings)
*** SHOWDOWN ***
15451adf collected $1.86 from pot
*** SUMMARY ***
Total pot $2 | Rake $0.09 | Jackpot $0.05 | Bingo $0 | Fortune $0 | Tax $0
Board [2s Qs 8d Kc 3h]
Seat 1: 15451adf (big blind) showed [Ks 7s] and won ($1.86) with Pair of Kings
Seat 2: 11a3134a folded before Flop (didn't bet)
Seat 3: 98c6b7e4 folded before Flop (didn't bet)
Seat 4: 78d2d684 showed [Ad 3c] and lost with Pair of Treys
Seat 5: fb4b7bf3 (button) folded before Flop (didn't bet)
Seat 6: Hero (small blind) folded before Flop


Poker Hand #HD1733568173: Hold'em No Limit ($0.02/$0.05) - 2024/04/16 23:00:00
Table 'NLHBlue33' 6-max Seat #4 is the button
Seat 1: 15451adf ($10.27 in chips)
Seat 2: 11a3134a ($4.93 in chips)
Seat 3: 98c6b7e4 ($4.49 in chips)
Seat 4: 78d2d684 ($3.99 in chips)
Seat 5: fb4b7bf3 ($6.22 in chips)
Seat 6: Hero ($10.39 in chips)
fb4b7bf3: posts small blind $0.02
Hero: posts big blind $0.05
*** HOLE CARDS ***
Dealt to 15451adf 
Dealt to 11a3134a 
Dealt to 98c6b7e4 
Dealt to 78d2d684 
Dealt to fb4b7bf3 
Dealt to Hero [Kc Tc]
15451adf: raises $0.08 to $0.13
11a3134a: folds
98c6b7e4: folds
78d2d684: raises $0.25 to $0.38
fb4b7bf3: folds
Hero: folds
15451adf: raises $0.57 to $0.95
78d2d684: raises $1.97 to $2.92
15451adf: folds
Uncalled bet ($1.97) returned to 78d2d684
*** SHOWDOWN ***
78d2d684 collected $1.83 from pot
*** SUMMARY ***
Total pot $1.97 | Rake $0.09 | Jackpot $0.05 | Bingo $0 | Fortune $0 | Tax $0
Seat 1: 15451adf folded before Flop
Seat 2: 11a3134a folded before Flop (didn't bet)
Seat 3: 98c6b7e4 folded before Flop (didn't bet)
Seat 4: 78d2d684 (button) collected ($1.83)
Seat 5: fb4b7bf3 (small blind) folded before Flop
Seat 6: Hero (big blind) folded before Flop


Poker Hand #HD1733567962: Hold'em No Limit ($0.02/$0.05) - 2024/04/16 22:58:06
Table 'NLHBlue33' 6-max Seat #3 is the button
Seat 1: 15451adf ($10.4 in chips)
Seat 2: 11a3134a ($4.93 in chips)
Seat 3: 98c6b7e4 ($4.49 in chips)
Seat 4: 78d2d684 ($4.12 in chips)
Seat 5: fb4b7bf3 ($5.98 in chips)
Seat 6: Hero ($10.39 in chips)
78d2d684: posts small blind $0.02
fb4b7bf3: posts big blind $0.05
*** HOLE CARDS ***
Dealt to 15451adf 
Dealt to 11a3134a 
Dealt to 98c6b7e4 
Dealt to 78d2d684 
Dealt to fb4b7bf3 
Dealt to Hero [5d Qh]
Hero: folds
15451adf: raises $0.08 to $0.13
11a3134a: folds
98c6b7e4: folds
78d2d684: calls $0.11
fb4b7bf3: calls $0.08
*** FLOP *** [Ts Js 5h]
78d2d684: checks
fb4b7bf3: checks
15451adf: checks
*** TURN *** [Ts Js 5h] [7h]
78d2d684: checks
fb4b7bf3: bets $0.75
15451adf: folds
78d2d684: folds
Uncalled bet ($0.75) returned to fb4b7bf3
*** SHOWDOWN ***
fb4b7bf3 collected $0.37 from pot
*** SUMMARY ***
Total pot $0.39 | Rake $0.02 | Jackpot $0 | Bingo $0 | Fortune $0 | Tax $0
Board [Ts Js 5h 7h]
Seat 1: 15451adf folded on the Turn
Seat 2: 11a3134a folded before Flop (didn't bet)
Seat 3: 98c6b7e4 (button) folded before Flop (didn't bet)
Seat 4: 78d2d684 (small blind) folded on the Turn
Seat 5: fb4b7bf3 (big blind) won ($0.37)
Seat 6: Hero folded before Flop (didn't bet)


Poker Hand #HD1733567799: Hold'em No Limit ($0.02/$0.05) - 2024/04/16 22:56:36
Table 'NLHBlue33' 6-max Seat #2 is the button
Seat 1: 15451adf ($10.4 in chips)
Seat 2: 11a3134a ($4.93 in chips)
Seat 3: 98c6b7e4 ($4.51 in chips)
Seat 4: 78d2d684 ($5 in chips)
Seat 5: fb4b7bf3 ($5.21 in chips)
Seat 6: Hero ($10.39 in chips)
98c6b7e4: posts small blind $0.02
78d2d684: posts big blind $0.05
*** HOLE CARDS ***
Dealt to 15451adf 
Dealt to 11a3134a 
Dealt to 98c6b7e4 
Dealt to 78d2d684 
Dealt to fb4b7bf3 
Dealt to Hero [Kd Jc]
fb4b7bf3: raises $0.06 to $0.11
Hero: folds
15451adf: folds
11a3134a: folds
98c6b7e4: folds
78d2d684: calls $0.06
*** FLOP *** [3d Tc Td]
78d2d684: bets $0.12
fb4b7bf3: calls $0.12
*** TURN *** [3d Tc Td] [As]
78d2d684: bets $0.16
fb4b7bf3: raises $0.49 to $0.65
78d2d684: calls $0.49
*** RIVER *** [3d Tc Td As] [9h]
78d2d684: checks
fb4b7bf3: bets $0.65
78d2d684: folds
Uncalled bet ($0.65) returned to fb4b7bf3
*** SHOWDOWN ***
fb4b7bf3 collected $1.65 from pot
*** SUMMARY ***
Total pot $1.78 | Rake $0.08 | Jackpot $0.05 | Bingo $0 | Fortune $0 | Tax $0
Board [3d Tc Td As 9h]
Seat 1: 15451adf folded before Flop (didn't bet)
Seat 2: 11a3134a (button) folded before Flop (didn't bet)
Seat 3: 98c6b7e4 (small blind) folded before Flop
Seat 4: 78d2d684 (big blind) folded on the River
Seat 5: fb4b7bf3 won ($1.65)
Seat 6: Hero folded before Flop (didn't bet)


Poker Hand #HD1733567754: Hold'em No Limit ($0.02/$0.05) - 2024/04/16 22:56:07
Table 'NLHBlue33' 6-max Seat #1 is the button
Seat 1: 15451adf ($10.4 in chips)
Seat 2: 11a3134a ($4.95 in chips)
Seat 3: 98c6b7e4 ($4.56 in chips)
Seat 5: fb4b7bf3 ($5.14 in chips)
Seat 6: Hero ($10.39 in chips)
11a3134a: posts small blind $0.02
98c6b7e4: posts big blind $0.05
*** HOLE CARDS ***
Dealt to 15451adf 
Dealt to 11a3134a 
Dealt to 98c6b7e4 
Dealt to fb4b7bf3 
Dealt to Hero [Kd 7h]
fb4b7bf3: raises $0.06 to $0.11
Hero: folds
15451adf: folds
11a3134a: folds
98c6b7e4: folds
Uncalled bet ($0.06) returned to fb4b7bf3
*** SHOWDOWN ***
fb4b7bf3 collected $0.12 from pot
*** SUMMARY ***
Total pot $0.12 | Rake $0 | Jackpot $0 | Bingo $0 | Fortune $0 | Tax $0
Seat 1: 15451adf (button) folded before Flop (didn't bet)
Seat 2: 11a3134a (small blind) folded before Flop
Seat 3: 98c6b7e4 (big blind) folded before Flop
Seat 5: fb4b7bf3 collected ($0.12)
Seat 6: Hero folded before Flop (didn't bet)


Poker Hand #HD1733567732: Hold'em No Limit ($0.02/$0.05) - 2024/04/16 22:55:53
Table 'NLHBlue33' 6-max Seat #6 is the button
Seat 1: 15451adf ($10.35 in chips)
Seat 2: 11a3134a ($5 in chips)
Seat 5: fb4b7bf3 ($5.14 in chips)
Seat 6: Hero ($10.39 in chips)
15451adf: posts small blind $0.02
11a3134a: posts big blind $0.05
*** HOLE CARDS ***
Dealt to 15451adf 
Dealt to 11a3134a 
Dealt to fb4b7bf3 
Dealt to Hero [5s 2d]
fb4b7bf3: folds
Hero: folds
15451adf: raises $0.1 to $0.15
11a3134a: folds
Uncalled bet ($0.1) returned to 15451adf
*** SHOWDOWN ***
15451adf collected $0.1 from pot
*** SUMMARY ***
Total pot $0.1 | Rake $0 | Jackpot $0 | Bingo $0 | Fortune $0 | Tax $0
Seat 1: 15451adf (small blind) collected ($0.1)
Seat 2: 11a3134a (big blind) folded before Flop
Seat 5: fb4b7bf3 folded before Flop (didn't bet)
Seat 6: Hero (button) folded before Flop (didn't bet)


Poker Hand #HD1733567707: Hold'em No Limit ($0.02/$0.05) - 2024/04/16 22:55:44
Table 'NLHBlue33' 6-max Seat #5 is the button
Seat 1: 15451adf ($10.4 in chips)
Seat 5: fb4b7bf3 ($5.14 in chips)
Seat 6: Hero ($10.34 in chips)
Hero: posts small blind $0.02
15451adf: posts big blind $0.05
*** HOLE CARDS ***
Dealt to 15451adf 
Dealt to fb4b7bf3 
Dealt to Hero [Ad 6d]
fb4b7bf3: folds
Hero: raises $0.1 to $0.15
15451adf: folds
Uncalled bet ($0.1) returned to Hero
*** SHOWDOWN ***
Hero collected $0.1 from pot
*** SUMMARY ***
Total pot $0.1 | Rake $0 | Jackpot $0 | Bingo $0 | Fortune $0 | Tax $0
Seat 1: 15451adf (big blind) folded before Flop
Seat 5: fb4b7bf3 (button) folded before Flop (didn't bet)
Seat 6: Hero (small blind) collected ($0.1)


Poker Hand #HD1733567649: Hold'em No Limit ($0.02/$0.05) - 2024/04/16 22:55:12
Table 'NLHBlue33' 6-max Seat #1 is the button
Seat 1: 15451adf ($10.4 in chips)
Seat 5: fb4b7bf3 ($5.02 in chips)
Seat 6: Hero ($10.47 in chips)
fb4b7bf3: posts small blind $0.02
Hero: posts big blind $0.05
*** HOLE CARDS ***
Dealt to 15451adf 
Dealt to fb4b7bf3 
Dealt to Hero [Kc Td]
15451adf: folds
fb4b7bf3: raises $0.08 to $0.13
Hero: calls $0.08
*** FLOP *** [2s 3h 9h]
fb4b7bf3: bets $0.09
Hero: folds
Uncalled bet ($0.09) returned to fb4b7bf3
*** SHOWDOWN ***
fb4b7bf3 collected $0.25 from pot
*** SUMMARY ***
Total pot $0.26 | Rake $0.01 | Jackpot $0 | Bingo $0 | Fortune $0 | Tax $0
Board [2s 3h 9h]
Seat 1: 15451adf (button) folded before Flop (didn't bet)
Seat 5: fb4b7bf3 (small blind) won ($0.25)
Seat 6: Hero (big blind) folded on the Flop


Poker Hand #HD1733567606: Hold'em No Limit ($0.02/$0.05) - 2024/04/16 22:54:53
Table 'NLHBlue33' 6-max Seat #6 is the button
Seat 1: 15451adf ($10.24 in chips)
Seat 5: fb4b7bf3 ($5.07 in chips)
Seat 6: Hero ($10.59 in chips)
15451adf: posts small blind $0.02
fb4b7bf3: posts big blind $0.05
*** HOLE CARDS ***
Dealt to 15451adf 
Dealt to fb4b7bf3 
Dealt to Hero [Ts Kh]
Hero: raises $0.07 to $0.12
15451adf: raises $0.48 to $0.6
fb4b7bf3: folds
Hero: folds
Uncalled bet ($0.48) returned to 15451adf
*** SHOWDOWN ***
15451adf collected $0.28 from pot
*** SUMMARY ***
Total pot $0.29 | Rake $0.01 | Jackpot $0 | Bingo $0 | Fortune $0 | Tax $0
Seat 1: 15451adf (small blind) collected ($0.28)
Seat 5: fb4b7bf3 (big blind) folded before Flop
Seat 6: Hero (button) folded before Flop


Poker Hand #HD1733567593: Hold'em No Limit ($0.02/$0.05) - 2024/04/16 22:54:45
Table 'NLHBlue33' 6-max Seat #5 is the button
Seat 1: 15451adf ($10.29 in chips)
Seat 5: fb4b7bf3 ($5.07 in chips)
Seat 6: Hero ($10.54 in chips)
Hero: posts small blind $0.02
15451adf: posts big blind $0.05
*** HOLE CARDS ***
Dealt to 15451adf 
Dealt to fb4b7bf3 
Dealt to Hero [As 6s]
fb4b7bf3: folds
Hero: raises $0.1 to $0.15
15451adf: folds
Uncalled bet ($0.1) returned to Hero
*** SHOWDOWN ***
Hero collected $0.1 from pot
*** SUMMARY ***
Total pot $0.1 | Rake $0 | Jackpot $0 | Bingo $0 | Fortune $0 | Tax $0
Seat 1: 15451adf (big blind) folded before Flop
Seat 5: fb4b7bf3 (button) folded before Flop (didn't bet)
Seat 6: Hero (small blind) collected ($0.1)


Poker Hand #HD1733567572: Hold'em No Limit ($0.02/$0.05) - 2024/04/16 22:54:37
Table 'NLHBlue33' 6-max Seat #1 is the button
Seat 1: 15451adf ($10.22 in chips)
Seat 5: fb4b7bf3 ($5.09 in chips)
Seat 6: Hero ($10.59 in chips)
fb4b7bf3: posts small blind $0.02
Hero: posts big blind $0.05
*** HOLE CARDS ***
Dealt to 15451adf 
Dealt to fb4b7bf3 
Dealt to Hero [Qs 3c]
15451adf: raises $0.08 to $0.13
fb4b7bf3: folds
Hero: folds
Uncalled bet ($0.08) returned to 15451adf
*** SHOWDOWN ***
15451adf collected $0.12 from pot
*** SUMMARY ***
Total pot $0.12 | Rake $0 | Jackpot $0 | Bingo $0 | Fortune $0 | Tax $0
Seat 1: 15451adf (button) collected ($0.12)
Seat 5: fb4b7bf3 (small blind) folded before Flop
Seat 6: Hero (big blind) folded before Flop


Poker Hand #HD1733567549: Hold'em No Limit ($0.02/$0.05) - 2024/04/16 22:54:26
Table 'NLHBlue33' 6-max Seat #6 is the button
Seat 1: 15451adf ($10.24 in chips)
Seat 5: fb4b7bf3 ($5.07 in chips)
Seat 6: Hero ($10.59 in chips)
15451adf: posts small blind $0.02
fb4b7bf3: posts big blind $0.05
*** HOLE CARDS ***
Dealt to 15451adf 
Dealt to fb4b7bf3 
Dealt to Hero [Js 9d]
Hero: folds
15451adf: folds
Uncalled bet ($0.03) returned to fb4b7bf3
*** SHOWDOWN ***
fb4b7bf3 collected $0.04 from pot
*** SUMMARY ***
Total pot $0.04 | Rake $0 | Jackpot $0 | Bingo $0 | Fortune $0 | Tax $0
Seat 1: 15451adf (small blind) folded before Flop
Seat 5: fb4b7bf3 (big blind) collected ($0.04)
Seat 6: Hero (button) folded before Flop (didn't bet)


Poker Hand #HD1733567524: Hold'em No Limit ($0.02/$0.05) - 2024/04/16 22:54:16
Table 'NLHBlue33' 6-max Seat #5 is the button
Seat 1: 15451adf ($10.22 in chips)
Seat 5: fb4b7bf3 ($5.07 in chips)
Seat 6: Hero ($10.61 in chips)
Hero: posts small blind $0.02
15451adf: posts big blind $0.05
*** HOLE CARDS ***
Dealt to 15451adf 
Dealt to fb4b7bf3 
Dealt to Hero [4h 2c]
fb4b7bf3: folds
Hero: folds
Uncalled bet ($0.03) returned to 15451adf
*** SHOWDOWN ***
15451adf collected $0.04 from pot
*** SUMMARY ***
Total pot $0.04 | Rake $0 | Jackpot $0 | Bingo $0 | Fortune $0 | Tax $0
Seat 1: 15451adf (big blind) collected ($0.04)
Seat 5: fb4b7bf3 (button) folded before Flop (didn't bet)
Seat 6: Hero (small blind) folded before Flop


Poker Hand #HD1733567466: Hold'em No Limit ($0.02/$0.05) - 2024/04/16 22:53:48
Table 'NLHBlue33' 6-max Seat #1 is the button
Seat 1: 15451adf ($10.22 in chips)
Seat 2: e7f7fdf8 ($6.86 in chips)
Seat 5: fb4b7bf3 ($5.19 in chips)
Seat 6: Hero ($10.48 in chips)
e7f7fdf8: posts small blind $0.02
fb4b7bf3: posts big blind $0.05
*** HOLE CARDS ***
Dealt to 15451adf 
Dealt to e7f7fdf8 
Dealt to fb4b7bf3 
Dealt to Hero [Jh Qh]
Hero: raises $0.07 to $0.12
15451adf: folds
e7f7fdf8: folds
fb4b7bf3: calls $0.07
*** FLOP *** [2h 8s Th]
fb4b7bf3: checks
Hero: bets $0.15
fb4b7bf3: folds
Uncalled bet ($0.15) returned to Hero
*** SHOWDOWN ***
Hero collected $0.25 from pot
*** SUMMARY ***
Total pot $0.26 | Rake $0.01 | Jackpot $0 | Bingo $0 | Fortune $0 | Tax $0
Board [2h 8s Th]
Seat 1: 15451adf (button) folded before Flop (didn't bet)
Seat 2: e7f7fdf8 (small blind) folded before Flop
Seat 5: fb4b7bf3 (big blind) folded on the Flop
Seat 6: Hero won ($0.25)


Poker Hand #HD1733567361: Hold'em No Limit ($0.02/$0.05) - 2024/04/16 22:52:53
Table 'NLHBlue33' 6-max Seat #6 is the button
Seat 1: 15451adf ($10.24 in chips)
Seat 2: e7f7fdf8 ($6.64 in chips)
Seat 3: 98c6b7e4 ($4.56 in chips)
Seat 5: fb4b7bf3 ($5.19 in chips)
Seat 6: Hero ($10.7 in chips)
15451adf: posts small blind $0.02
e7f7fdf8: posts big blind $0.05
*** HOLE CARDS ***
Dealt to 15451adf 
Dealt to e7f7fdf8 
Dealt to 98c6b7e4 
Dealt to fb4b7bf3 
Dealt to Hero [Qc Td]
98c6b7e4: folds
fb4b7bf3: folds
Hero: raises $0.07 to $0.12
15451adf: folds
e7f7fdf8: calls $0.07
*** FLOP *** [Jc 5c 4c]
e7f7fdf8: checks
Hero: bets $0.1
e7f7fdf8: calls $0.1
*** TURN *** [Jc 5c 4c] [3s]
e7f7fdf8: checks
Hero: checks
*** RIVER *** [Jc 5c 4c 3s] [Js]
e7f7fdf8: bets $0.16
Hero: folds
Uncalled bet ($0.16) returned to e7f7fdf8
*** SHOWDOWN ***
e7f7fdf8 collected $0.44 from pot
*** SUMMARY ***
Total pot $0.46 | Rake $0.02 | Jackpot $0 | Bingo $0 | Fortune $0 | Tax $0
Board [Jc 5c 4c 3s Js]
Seat 1: 15451adf (small blind) folded before Flop
Seat 2: e7f7fdf8 (big blind) won ($0.44)
Seat 3: 98c6b7e4 folded before Flop (didn't bet)
Seat 5: fb4b7bf3 folded before Flop (didn't bet)
Seat 6: Hero (button) folded on the River


Poker Hand #HD1733567330: Hold'em No Limit ($0.02/$0.05) - 2024/04/16 22:52:41
Table 'NLHBlue33' 6-max Seat #5 is the button
Seat 1: 15451adf ($10.29 in chips)
Seat 2: e7f7fdf8 ($6.64 in chips)
Seat 3: 98c6b7e4 ($4.56 in chips)
Seat 5: fb4b7bf3 ($5.12 in chips)
Seat 6: Hero ($10.72 in chips)
Hero: posts small blind $0.02
15451adf: posts big blind $0.05
*** HOLE CARDS ***
Dealt to 15451adf 
Dealt to e7f7fdf8 
Dealt to 98c6b7e4 
Dealt to fb4b7bf3 
Dealt to Hero [6d Ts]
e7f7fdf8: folds
98c6b7e4: folds
fb4b7bf3: raises $0.06 to $0.11
Hero: folds
15451adf: folds
Uncalled bet ($0.06) returned to fb4b7bf3
*** SHOWDOWN ***
fb4b7bf3 collected $0.12 from pot
*** SUMMARY ***
Total pot $0.12 | Rake $0 | Jackpot $0 | Bingo $0 | Fortune $0 | Tax $0
Seat 1: 15451adf (big blind) folded before Flop
Seat 2: e7f7fdf8 folded before Flop (didn't bet)
Seat 3: 98c6b7e4 folded before Flop (didn't bet)
Seat 5: fb4b7bf3 (button) collected ($0.12)
Seat 6: Hero (small blind) folded before Flop


Poker Hand #HD1733567141: Hold'em No Limit ($0.02/$0.05) - 2024/04/16 22:51:00
Table 'NLHBlue33' 6-max Seat #3 is the button
Seat 1: 15451adf ($7.41 in chips)
Seat 2: e7f7fdf8 ($6.64 in chips)
Seat 3: 98c6b7e4 ($4.56 in chips)
Seat 4: a42b5d54 ($3.19 in chips)
Seat 5: fb4b7bf3 ($5.17 in chips)
Seat 6: Hero ($10.72 in chips)
a42b5d54: posts small blind $0.02
fb4b7bf3: posts big blind $0.05
*** HOLE CARDS ***
Dealt to 15451adf 
Dealt to e7f7fdf8 
Dealt to 98c6b7e4 
Dealt to a42b5d54 
Dealt to fb4b7bf3 
Dealt to Hero [8c Td]
Hero: folds
15451adf: raises $0.08 to $0.13
e7f7fdf8: folds
98c6b7e4: folds
a42b5d54: raises $0.24 to $0.37
fb4b7bf3: folds
15451adf: calls $0.24
*** FLOP *** [6s Ah 9c]
a42b5d54: checks
15451adf: bets $0.2
a42b5d54: calls $0.2
*** TURN *** [6s Ah 9c] [2h]
a42b5d54: checks
15451adf: bets $0.42
a42b5d54: calls $0.42
*** RIVER *** [6s Ah 9c 2h] [8d]
a42b5d54: bets $1.53
15451adf: raises $4.89 to $6.42 and is all-in
a42b5d54: calls $0.67 and is all-in
Uncalled bet ($4.22) returned to 15451adf
15451adf: shows [Th 7h] (Tens-High Straight)
a42b5d54: shows [Ad As] (Three Aces)
*** SHOWDOWN ***
15451adf collected $6.07 from pot
*** SUMMARY ***
Total pot $6.43 | Rake $0.31 | Jackpot $0.05 | Bingo $0 | Fortune $0 | Tax $0
Board [6s Ah 9c 2h 8d]
Seat 1: 15451adf showed [Th 7h] and won ($6.07) with Tens-High Straight
Seat 2: e7f7fdf8 folded before Flop (didn't bet)
Seat 3: 98c6b7e4 (button) folded before Flop (didn't bet)
Seat 4: a42b5d54 (small blind) showed [Ad As] and lost with Three Aces
Seat 5: fb4b7bf3 (big blind) folded before Flop
Seat 6: Hero folded before Flop (didn't bet)


Poker Hand #HD1733567120: Hold'em No Limit ($0.02/$0.05) - 2024/04/16 22:50:48
Table 'NLHBlue33' 6-max Seat #2 is the button
Seat 1: 15451adf ($7.41 in chips)
Seat 2: e7f7fdf8 ($6.64 in chips)
Seat 3: 98c6b7e4 ($4.58 in chips)
Seat 4: a42b5d54 ($3.17 in chips)
Seat 5: fb4b7bf3 ($5.17 in chips)
Seat 6: Hero ($10.72 in chips)
98c6b7e4: posts small blind $0.02
a42b5d54: posts big blind $0.05
*** HOLE CARDS ***
Dealt to 15451adf 
Dealt to e7f7fdf8 
Dealt to 98c6b7e4 
Dealt to a42b5d54 
Dealt to fb4b7bf3 
Dealt to Hero [5c Kd]
fb4b7bf3: folds
Hero: folds
15451adf: folds
e7f7fdf8: folds
98c6b7e4: folds
Uncalled bet ($0.03) returned to a42b5d54
*** SHOWDOWN ***
a42b5d54 collected $0.04 from pot
*** SUMMARY ***
Total pot $0.04 | Rake $0 | Jackpot $0 | Bingo $0 | Fortune $0 | Tax $0
Seat 1: 15451adf folded before Flop (didn't bet)
Seat 2: e7f7fdf8 (button) folded before Flop (didn't bet)
Seat 3: 98c6b7e4 (small blind) folded before Flop
Seat 4: a42b5d54 (big blind) collected ($0.04)
Seat 5: fb4b7bf3 folded before Flop (didn't bet)
Seat 6: Hero folded before Flop (didn't bet)


Poker Hand #HD1733567052: Hold'em No Limit ($0.02/$0.05) - 2024/04/16 22:50:14
Table 'NLHBlue33' 6-max Seat #1 is the button
Seat 1: 15451adf ($7.52 in chips)
Seat 2: e7f7fdf8 ($6.66 in chips)
Seat 3: 98c6b7e4 ($4.63 in chips)
Seat 4: a42b5d54 ($3.17 in chips)
Seat 5: fb4b7bf3 ($5 in chips)
Seat 6: Hero ($10.72 in chips)
e7f7fdf8: posts small blind $0.02
98c6b7e4: posts big blind $0.05
*** HOLE CARDS ***
Dealt to 15451adf 
Dealt to e7f7fdf8 
Dealt to 98c6b7e4 
Dealt to a42b5d54 
Dealt to fb4b7bf3 
Dealt to Hero [7s 7h]
a42b5d54: folds
fb4b7bf3: raises $0.06 to $0.11
Hero: folds
15451adf: calls $0.11
e7f7fdf8: folds
98c6b7e4: folds
*** FLOP *** [6s 5d 8c]
fb4b7bf3: bets $0.15
15451adf: folds
Uncalled bet ($0.15) returned to fb4b7bf3
*** SHOWDOWN ***
fb4b7bf3 collected $0.28 from pot
*** SUMMARY ***
Total pot $0.29 | Rake $0.01 | Jackpot $0 | Bingo $0 | Fortune $0 | Tax $0
Board [6s 5d 8c]
Seat 1: 15451adf (button) folded on the Flop
Seat 2: e7f7fdf8 (small blind) folded before Flop
Seat 3: 98c6b7e4 (big blind) folded before Flop
Seat 4: a42b5d54 folded before Flop (didn't bet)
Seat 5: fb4b7bf3 won ($0.28)
Seat 6: Hero folded before Flop (didn't bet)


Poker Hand #HD1733566926: Hold'em No Limit ($0.02/$0.05) - 2024/04/16 22:49:14
Table 'NLHBlue33' 6-max Seat #6 is the button
Seat 1: 15451adf ($7.57 in chips)
Seat 2: e7f7fdf8 ($5.53 in chips)
Seat 3: 98c6b7e4 ($4.63 in chips)
Seat 4: a42b5d54 ($4.42 in chips)
Seat 5: fb4b7bf3 ($4.55 in chips)
Seat 6: Hero ($10.72 in chips)
15451adf: posts small blind $0.02
e7f7fdf8: posts big blind $0.05
*** HOLE CARDS ***
Dealt to 15451adf 
Dealt to e7f7fdf8 
Dealt to 98c6b7e4 
Dealt to a42b5d54 
Dealt to fb4b7bf3 
Dealt to Hero [5c 2c]
98c6b7e4: folds
a42b5d54: calls $0.05
fb4b7bf3: folds
Hero: folds
15451adf: calls $0.03
e7f7fdf8: checks
*** FLOP *** [Kc 4h 4d]
15451adf: checks
e7f7fdf8: checks
a42b5d54: bets $0.05
15451adf: folds
e7f7fdf8: calls $0.05
*** TURN *** [Kc 4h 4d] [9d]
e7f7fdf8: checks
a42b5d54: checks
*** RIVER *** [Kc 4h 4d 9d] [Qc]
e7f7fdf8: bets $0.13
a42b5d54: raises $0.17 to $0.3
e7f7fdf8: raises $0.85 to $1.15
a42b5d54: calls $0.85
e7f7fdf8: shows [4s 9s] (Fours Full over Nines)
a42b5d54: shows [Qs Jc] (Pair of Queens and Pair of Fours)
*** SHOWDOWN ***
e7f7fdf8 collected $2.38 from pot
*** SUMMARY ***
Total pot $2.55 | Rake $0.12 | Jackpot $0.05 | Bingo $0 | Fortune $0 | Tax $0
Board [Kc 4h 4d 9d Qc]
Seat 1: 15451adf (small blind) folded on the Flop
Seat 2: e7f7fdf8 (big blind) showed [4s 9s] and won ($2.38) with Fours Full over Nines
Seat 3: 98c6b7e4 folded before Flop (didn't bet)
Seat 4: a42b5d54 showed [Qs Jc] and lost with Pair of Queens and Pair of Fours
Seat 5: fb4b7bf3 folded before Flop (didn't bet)
Seat 6: Hero (button) folded before Flop (didn't bet)


Poker Hand #HD1733566847: Hold'em No Limit ($0.02/$0.05) - 2024/04/16 22:48:36
Table 'NLHBlue33' 6-max Seat #5 is the button
Seat 1: 15451adf ($7.62 in chips)
Seat 2: e7f7fdf8 ($5.53 in chips)
Seat 3: 98c6b7e4 ($4.63 in chips)
Seat 4: a42b5d54 ($4.35 in chips)
Seat 5: fb4b7bf3 ($4.55 in chips)
Seat 6: Hero ($10.74 in chips)
Hero: posts small blind $0.02
15451adf: posts big blind $0.05
*** HOLE CARDS ***
Dealt to 15451adf 
Dealt to e7f7fdf8 
Dealt to 98c6b7e4 
Dealt to a42b5d54 
Dealt to fb4b7bf3 
Dealt to Hero [2h Kc]
e7f7fdf8: folds
98c6b7e4: folds
a42b5d54: calls $0.05
fb4b7bf3: folds
Hero: folds
15451adf: checks
*** FLOP *** [Jc 4d 6d]
15451adf: checks
a42b5d54: checks
*** TURN *** [Jc 4d 6d] [7s]
15451adf: checks
a42b5d54: checks
*** RIVER *** [Jc 4d 6d 7s] [Ts]
15451adf: checks
a42b5d54: checks
15451adf: shows [2s 8h] (Jack-High)
a42b5d54: shows [9c Kd] (King-High)
*** SHOWDOWN ***
a42b5d54 collected $0.12 from pot
*** SUMMARY ***
Total pot $0.12 | Rake $0 | Jackpot $0 | Bingo $0 | Fortune $0 | Tax $0
Board [Jc 4d 6d 7s Ts]
Seat 1: 15451adf (big blind) showed [2s 8h] and lost with Jack-High
Seat 2: e7f7fdf8 folded before Flop (didn't bet)
Seat 3: 98c6b7e4 folded before Flop (didn't bet)
Seat 4: a42b5d54 showed [9c Kd] and won ($0.12) with King-High
Seat 5: fb4b7bf3 (button) folded before Flop (didn't bet)
Seat 6: Hero (small blind) folded before Flop


Poker Hand #HD1733566775: Hold'em No Limit ($0.02/$0.05) - 2024/04/16 22:47:58
Table 'NLHBlue33' 6-max Seat #4 is the button
Seat 1: 15451adf ($7.62 in chips)
Seat 2: e7f7fdf8 ($5.19 in chips)
Seat 3: 98c6b7e4 ($4.93 in chips)
Seat 4: a42b5d54 ($4.35 in chips)
Seat 5: fb4b7bf3 ($4.57 in chips)
Seat 6: Hero ($10.79 in chips)
fb4b7bf3: posts small blind $0.02
Hero: posts big blind $0.05
*** HOLE CARDS ***
Dealt to 15451adf 
Dealt to e7f7fdf8 
Dealt to 98c6b7e4 
Dealt to a42b5d54 
Dealt to fb4b7bf3 
Dealt to Hero [3s Kh]
15451adf: folds
e7f7fdf8: raises $0.08 to $0.13
98c6b7e4: calls $0.13
a42b5d54: folds
fb4b7bf3: folds
Hero: folds
*** FLOP *** [7d 6d 4h]
e7f7fdf8: bets $0.17
98c6b7e4: calls $0.17
*** TURN *** [7d 6d 4h] [3h]
e7f7fdf8: bets $0.34
98c6b7e4: folds
Uncalled bet ($0.34) returned to e7f7fdf8
*** SHOWDOWN ***
e7f7fdf8 collected $0.64 from pot
*** SUMMARY ***
Total pot $0.67 | Rake $0.03 | Jackpot $0 | Bingo $0 | Fortune $0 | Tax $0
Board [7d 6d 4h 3h]
Seat 1: 15451adf folded before Flop (didn't bet)
Seat 2: e7f7fdf8 won ($0.64)
Seat 3: 98c6b7e4 folded on the Turn
Seat 4: a42b5d54 (button) folded before Flop (didn't bet)
Seat 5: fb4b7bf3 (small blind) folded before Flop
Seat 6: Hero (big blind) folded before Flop


Poker Hand #HD1733566687: Hold'em No Limit ($0.02/$0.05) - 2024/04/16 22:47:13
Table 'NLHBlue33' 6-max Seat #3 is the button
Seat 1: 15451adf ($7.62 in chips)
Seat 2: e7f7fdf8 ($5.19 in chips)
Seat 3: 98c6b7e4 ($4.93 in chips)
Seat 4: a42b5d54 ($4.67 in chips)
Seat 5: fb4b7bf3 ($4.28 in chips)
Seat 6: Hero ($10.79 in chips)
a42b5d54: posts small blind $0.02
fb4b7bf3: posts big blind $0.05
*** HOLE CARDS ***
Dealt to 15451adf 
Dealt to e7f7fdf8 
Dealt to 98c6b7e4 
Dealt to a42b5d54 
Dealt to fb4b7bf3 
Dealt to Hero [4h Ks]
Hero: folds
15451adf: folds
e7f7fdf8: folds
98c6b7e4: folds
a42b5d54: raises $0.05 to $0.1
fb4b7bf3: raises $0.22 to $0.32
a42b5d54: calls $0.22
*** FLOP *** [3d 6h Jh]
a42b5d54: checks
fb4b7bf3: bets $0.22
a42b5d54: folds
Uncalled bet ($0.22) returned to fb4b7bf3
*** SHOWDOWN ***
fb4b7bf3 collected $0.61 from pot
*** SUMMARY ***
Total pot $0.64 | Rake $0.03 | Jackpot $0 | Bingo $0 | Fortune $0 | Tax $0
Board [3d 6h Jh]
Seat 1: 15451adf folded before Flop (didn't bet)
Seat 2: e7f7fdf8 folded before Flop (didn't bet)
Seat 3: 98c6b7e4 (button) folded before Flop (didn't bet)
Seat 4: a42b5d54 (small blind) folded on the Flop
Seat 5: fb4b7bf3 (big blind) won ($0.61)
Seat 6: Hero folded before Flop (didn't bet)


Poker Hand #HD1733566575: Hold'em No Limit ($0.02/$0.05) - 2024/04/16 22:46:19
Table 'NLHBlue33' 6-max Seat #2 is the button
Seat 1: 15451adf ($7.62 in chips)
Seat 2: e7f7fdf8 ($5.19 in chips)
Seat 3: 98c6b7e4 ($4.95 in chips)
Seat 4: a42b5d54 ($5 in chips)
Seat 5: fb4b7bf3 ($3.96 in chips)
Seat 6: Hero ($10.79 in chips)
98c6b7e4: posts small blind $0.02
a42b5d54: posts big blind $0.05
*** HOLE CARDS ***
Dealt to 15451adf 
Dealt to e7f7fdf8 
Dealt to 98c6b7e4 
Dealt to a42b5d54 
Dealt to fb4b7bf3 
Dealt to Hero [7c 8c]
fb4b7bf3: raises $0.06 to $0.11
Hero: folds
15451adf: folds
e7f7fdf8: folds
98c6b7e4: folds
a42b5d54: calls $0.06
*** FLOP *** [2d 5d Kh]
a42b5d54: checks
fb4b7bf3: bets $0.08
a42b5d54: calls $0.08
*** TURN *** [2d 5d Kh] [4h]
a42b5d54: checks
fb4b7bf3: checks
*** RIVER *** [2d 5d Kh 4h] [Ts]
a42b5d54: bets $0.14
fb4b7bf3: calls $0.14
a42b5d54: shows [3c 5c] (Pair of Fives)
fb4b7bf3: shows [6d 6h] (Pair of Sixes)
*** SHOWDOWN ***
fb4b7bf3 collected $0.65 from pot
*** SUMMARY ***
Total pot $0.68 | Rake $0.03 | Jackpot $0 | Bingo $0 | Fortune $0 | Tax $0
Board [2d 5d Kh 4h Ts]
Seat 1: 15451adf folded before Flop (didn't bet)
Seat 2: e7f7fdf8 (button) folded before Flop (didn't bet)
Seat 3: 98c6b7e4 (small blind) folded before Flop
Seat 4: a42b5d54 (big blind) showed [3c 5c] and lost with Pair of Fives
Seat 5: fb4b7bf3 showed [6d 6h] and won ($0.65) with Pair of Sixes
Seat 6: Hero folded before Flop (didn't bet)


Poker Hand #HD1733566544: Hold'em No Limit ($0.02/$0.05) - 2024/04/16 22:46:01
Table 'NLHBlue33' 6-max Seat #1 is the button
Seat 1: 15451adf ($7.62 in chips)
Seat 2: e7f7fdf8 ($5.14 in chips)
Seat 3: 98c6b7e4 ($5 in chips)
Seat 4: a42b5d54 ($5 in chips)
Seat 5: fb4b7bf3 ($3.96 in chips)
Seat 6: Hero ($10.79 in chips)
e7f7fdf8: posts small blind $0.02
98c6b7e4: posts big blind $0.05
*** HOLE CARDS ***
Dealt to 15451adf 
Dealt to e7f7fdf8 
Dealt to 98c6b7e4 
Dealt to a42b5d54 
Dealt to fb4b7bf3 
Dealt to Hero [5s 9s]
a42b5d54: folds
fb4b7bf3: folds
Hero: folds
15451adf: folds
e7f7fdf8: raises $0.08 to $0.13
98c6b7e4: folds
Uncalled bet ($0.08) returned to e7f7fdf8
*** SHOWDOWN ***
e7f7fdf8 collected $0.1 from pot
*** SUMMARY ***
Total pot $0.1 | Rake $0 | Jackpot $0 | Bingo $0 | Fortune $0 | Tax $0
Seat 1: 15451adf (button) folded before Flop (didn't bet)
Seat 2: e7f7fdf8 (small blind) collected ($0.1)
Seat 3: 98c6b7e4 (big blind) folded before Flop
Seat 4: a42b5d54 folded before Flop (didn't bet)
Seat 5: fb4b7bf3 folded before Flop (didn't bet)
Seat 6: Hero folded before Flop (didn't bet)


Poker Hand #HD1733566499: Hold'em No Limit ($0.02/$0.05) - 2024/04/16 22:45:40
Table 'NLHBlue33' 6-max Seat #6 is the button
Seat 1: 15451adf ($7.64 in chips)
Seat 2: e7f7fdf8 ($5.19 in chips)
Seat 3: 98c6b7e4 ($5 in chips)
Seat 4: a42b5d54 ($5 in chips)
Seat 5: fb4b7bf3 ($3.96 in chips)
Seat 6: Hero ($10.72 in chips)
15451adf: posts small blind $0.02
e7f7fdf8: posts big blind $0.05
*** HOLE CARDS ***
Dealt to 15451adf 
Dealt to e7f7fdf8 
Dealt to 98c6b7e4 
Dealt to a42b5d54 
Dealt to fb4b7bf3 
Dealt to Hero [9h Ah]
98c6b7e4: folds
a42b5d54: folds
fb4b7bf3: folds
Hero: raises $0.07 to $0.12
15451adf: folds
e7f7fdf8: folds
Uncalled bet ($0.07) returned to Hero
*** SHOWDOWN ***
Hero collected $0.12 from pot
*** SUMMARY ***
Total pot $0.12 | Rake $0 | Jackpot $0 | Bingo $0 | Fortune $0 | Tax $0
Seat 1: 15451adf (small blind) folded before Flop
Seat 2: e7f7fdf8 (big blind) folded before Flop
Seat 3: 98c6b7e4 folded before Flop (didn't bet)
Seat 4: a42b5d54 folded before Flop (didn't bet)
Seat 5: fb4b7bf3 folded before Flop (didn't bet)
Seat 6: Hero (button) collected ($0.12)


Poker Hand #HD1733566480: Hold'em No Limit ($0.02/$0.05) - 2024/04/16 22:45:27
Table 'NLHBlue33' 6-max Seat #5 is the button
Seat 1: 15451adf ($7.69 in chips)
Seat 2: e7f7fdf8 ($5.12 in chips)
Seat 3: 98c6b7e4 ($5 in chips)
Seat 4: a42b5d54 ($5 in chips)
Seat 5: fb4b7bf3 ($3.96 in chips)
Seat 6: Hero ($10.74 in chips)
Hero: posts small blind $0.02
15451adf: posts big blind $0.05
*** HOLE CARDS ***
Dealt to 15451adf 
Dealt to e7f7fdf8 
Dealt to 98c6b7e4 
Dealt to a42b5d54 
Dealt to fb4b7bf3 
Dealt to Hero [5d 9s]
e7f7fdf8: raises $0.08 to $0.13
98c6b7e4: folds
a42b5d54: folds
fb4b7bf3: folds
Hero: folds
15451adf: folds
Uncalled bet ($0.08) returned to e7f7fdf8
*** SHOWDOWN ***
e7f7fdf8 collected $0.12 from pot
*** SUMMARY ***
Total pot $0.12 | Rake $0 | Jackpot $0 | Bingo $0 | Fortune $0 | Tax $0
Seat 1: 15451adf (big blind) folded before Flop
Seat 2: e7f7fdf8 collected ($0.12)
Seat 3: 98c6b7e4 folded before Flop (didn't bet)
Seat 4: a42b5d54 folded before Flop (didn't bet)
Seat 5: fb4b7bf3 (button) folded before Flop (didn't bet)
Seat 6: Hero (small blind) folded before Flop


Poker Hand #HD1733566451: Hold'em No Limit ($0.02/$0.05) - 2024/04/16 22:45:16
Table 'NLHBlue33' 6-max Seat #4 is the button
Seat 1: 15451adf ($7.69 in chips)
Seat 2: e7f7fdf8 ($5.12 in chips)
Seat 3: 98c6b7e4 ($5 in chips)
Seat 4: a42b5d54 ($4.93 in chips)
Seat 5: fb4b7bf3 ($3.98 in chips)
Seat 6: Hero ($10.79 in chips)
fb4b7bf3: posts small blind $0.02
Hero: posts big blind $0.05
*** HOLE CARDS ***
Dealt to 15451adf 
Dealt to e7f7fdf8 
Dealt to 98c6b7e4 
Dealt to a42b5d54 
Dealt to fb4b7bf3 
Dealt to Hero [3s Ts]
15451adf: folds
e7f7fdf8: folds
98c6b7e4: folds
a42b5d54: raises $0.1 to $0.15
fb4b7bf3: folds
Hero: folds
Uncalled bet ($0.1) returned to a42b5d54
*** SHOWDOWN ***
a42b5d54 collected $0.12 from pot
*** SUMMARY ***
Total pot $0.12 | Rake $0 | Jackpot $0 | Bingo $0 | Fortune $0 | Tax $0
Seat 1: 15451adf folded before Flop (didn't bet)
Seat 2: e7f7fdf8 folded before Flop (didn't bet)
Seat 3: 98c6b7e4 folded before Flop (didn't bet)
Seat 4: a42b5d54 (button) collected ($0.12)
Seat 5: fb4b7bf3 (small blind) folded before Flop
Seat 6: Hero (big blind) folded before Flop


Poker Hand #HD1733566431: Hold'em No Limit ($0.02/$0.05) - 2024/04/16 22:45:03
Table 'NLHBlue33' 6-max Seat #3 is the button
Seat 1: 15451adf ($7.69 in chips)
Seat 2: e7f7fdf8 ($5.12 in chips)
Seat 3: 98c6b7e4 ($4.93 in chips)
Seat 4: a42b5d54 ($4.95 in chips)
Seat 5: fb4b7bf3 ($4.03 in chips)
Seat 6: Hero ($10.79 in chips)
a42b5d54: posts small blind $0.02
fb4b7bf3: posts big blind $0.05
*** HOLE CARDS ***
Dealt to 15451adf 
Dealt to e7f7fdf8 
Dealt to 98c6b7e4 
Dealt to a42b5d54 
Dealt to fb4b7bf3 
Dealt to Hero [7h Qc]
Hero: folds
15451adf: folds
e7f7fdf8: folds
98c6b7e4: raises $0.1 to $0.15
a42b5d54: folds
fb4b7bf3: folds
Uncalled bet ($0.1) returned to 98c6b7e4
*** SHOWDOWN ***
98c6b7e4 collected $0.12 from pot
*** SUMMARY ***
Total pot $0.12 | Rake $0 | Jackpot $0 | Bingo $0 | Fortune $0 | Tax $0
Seat 1: 15451adf folded before Flop (didn't bet)
Seat 2: e7f7fdf8 folded before Flop (didn't bet)
Seat 3: 98c6b7e4 (button) collected ($0.12)
Seat 4: a42b5d54 (small blind) folded before Flop
Seat 5: fb4b7bf3 (big blind) folded before Flop
Seat 6: Hero folded before Flop (didn't bet)


Poker Hand #HD1733566396: Hold'em No Limit ($0.02/$0.05) - 2024/04/16 22:44:46
Table 'NLHBlue33' 6-max Seat #2 is the button
Seat 1: 15451adf ($7.69 in chips)
Seat 2: e7f7fdf8 ($5.12 in chips)
Seat 3: 98c6b7e4 ($4.95 in chips)
Seat 4: a42b5d54 ($5 in chips)
Seat 5: fb4b7bf3 ($4.03 in chips)
Seat 6: Hero ($10.72 in chips)
98c6b7e4: posts small blind $0.02
a42b5d54: posts big blind $0.05
*** HOLE CARDS ***
Dealt to 15451adf 
Dealt to e7f7fdf8 
Dealt to 98c6b7e4 
Dealt to a42b5d54 
Dealt to fb4b7bf3 
Dealt to Hero [Ac Td]
fb4b7bf3: folds
Hero: raises $0.05 to $0.1
15451adf: folds
e7f7fdf8: folds
98c6b7e4: folds
a42b5d54: folds
Uncalled bet ($0.05) returned to Hero
*** SHOWDOWN ***
Hero collected $0.12 from pot
*** SUMMARY ***
Total pot $0.12 | Rake $0 | Jackpot $0 | Bingo $0 | Fortune $0 | Tax $0
Seat 1: 15451adf folded before Flop (didn't bet)
Seat 2: e7f7fdf8 (button) folded before Flop (didn't bet)
Seat 3: 98c6b7e4 (small blind) folded before Flop
Seat 4: a42b5d54 (big blind) folded before Flop
Seat 5: fb4b7bf3 folded before Flop (didn't bet)
Seat 6: Hero collected ($0.12)


Poker Hand #HD1733566375: Hold'em No Limit ($0.02/$0.05) - 2024/04/16 22:44:35
Table 'NLHBlue33' 6-max Seat #1 is the button
Seat 1: 15451adf ($7.69 in chips)
Seat 2: e7f7fdf8 ($5.14 in chips)
Seat 3: 98c6b7e4 ($5 in chips)
Seat 5: fb4b7bf3 ($4.03 in chips)
Seat 6: Hero ($10.65 in chips)
e7f7fdf8: posts small blind $0.02
98c6b7e4: posts big blind $0.05
*** HOLE CARDS ***
Dealt to 15451adf 
Dealt to e7f7fdf8 
Dealt to 98c6b7e4 
Dealt to fb4b7bf3 
Dealt to Hero [4s As]
fb4b7bf3: folds
Hero: raises $0.07 to $0.12
15451adf: folds
e7f7fdf8: folds
98c6b7e4: folds
Uncalled bet ($0.07) returned to Hero
*** SHOWDOWN ***
Hero collected $0.12 from pot
*** SUMMARY ***
Total pot $0.12 | Rake $0 | Jackpot $0 | Bingo $0 | Fortune $0 | Tax $0
Seat 1: 15451adf (button) folded before Flop (didn't bet)
Seat 2: e7f7fdf8 (small blind) folded before Flop
Seat 3: 98c6b7e4 (big blind) folded before Flop
Seat 5: fb4b7bf3 folded before Flop (didn't bet)
Seat 6: Hero collected ($0.12)


Poker Hand #HD1733566264: Hold'em No Limit ($0.02/$0.05) - 2024/04/16 22:43:41
Table 'NLHBlue33' 6-max Seat #6 is the button
Seat 1: 15451adf ($7.84 in chips)
Seat 2: e7f7fdf8 ($5 in chips)
Seat 5: fb4b7bf3 ($4.03 in chips)
Seat 6: Hero ($10.65 in chips)
15451adf: posts small blind $0.02
e7f7fdf8: posts big blind $0.05
*** HOLE CARDS ***
Dealt to 15451adf 
Dealt to e7f7fdf8 
Dealt to fb4b7bf3 
Dealt to Hero [Js 5d]
fb4b7bf3: folds
Hero: folds
15451adf: raises $0.1 to $0.15
e7f7fdf8: calls $0.1
*** FLOP *** [3s Ac Jh]
15451adf: checks
e7f7fdf8: checks
*** TURN *** [3s Ac Jh] [5h]
15451adf: checks
e7f7fdf8: bets $0.15
15451adf: folds
Uncalled bet ($0.15) returned to e7f7fdf8
*** SHOWDOWN ***
e7f7fdf8 collected $0.29 from pot
*** SUMMARY ***
Total pot $0.3 | Rake $0.01 | Jackpot $0 | Bingo $0 | Fortune $0 | Tax $0
Board [3s Ac Jh 5h]
Seat 1: 15451adf (small blind) folded on the Turn
Seat 2: e7f7fdf8 (big blind) won ($0.29)
Seat 5: fb4b7bf3 folded before Flop (didn't bet)
Seat 6: Hero (button) folded before Flop (didn't bet)


Poker Hand #HD1733566158: Hold'em No Limit ($0.02/$0.05) - 2024/04/16 22:42:50
Table 'NLHBlue33' 6-max Seat #5 is the button
Seat 1: 15451adf ($7.72 in chips)
Seat 2: e7f7fdf8 ($5 in chips)
Seat 5: fb4b7bf3 ($4.14 in chips)
Seat 6: Hero ($10.67 in chips)
Hero: posts small blind $0.02
15451adf: posts big blind $0.05
*** HOLE CARDS ***
Dealt to 15451adf 
Dealt to e7f7fdf8 
Dealt to fb4b7bf3 
Dealt to Hero [Tc 2h]
e7f7fdf8: folds
fb4b7bf3: raises $0.06 to $0.11
Hero: folds
15451adf: calls $0.06
*** FLOP *** [3s 6d 8c]
15451adf: checks
fb4b7bf3: checks
*** TURN *** [3s 6d 8c] [6h]
15451adf: bets $0.08
fb4b7bf3: folds
Uncalled bet ($0.08) returned to 15451adf
*** SHOWDOWN ***
15451adf collected $0.23 from pot
*** SUMMARY ***
Total pot $0.24 | Rake $0.01 | Jackpot $0 | Bingo $0 | Fortune $0 | Tax $0
Board [3s 6d 8c 6h]
Seat 1: 15451adf (big blind) won ($0.23)
Seat 2: e7f7fdf8 folded before Flop (didn't bet)
Seat 5: fb4b7bf3 (button) folded on the Turn
Seat 6: Hero (small blind) folded before Flop


Poker Hand #HD1733566131: Hold'em No Limit ($0.02/$0.05) - 2024/04/16 22:42:38
Table 'NLHBlue33' 6-max Seat #3 is the button
Seat 1: 15451adf ($7.72 in chips)
Seat 2: e7f7fdf8 ($5 in chips)
Seat 3: 32d34f24 ($5 in chips)
Seat 5: fb4b7bf3 ($4.09 in chips)
Seat 6: Hero ($10.72 in chips)
fb4b7bf3: posts small blind $0.02
Hero: posts big blind $0.05
*** HOLE CARDS ***
Dealt to 15451adf 
Dealt to e7f7fdf8 
Dealt to 32d34f24 
Dealt to fb4b7bf3 
Dealt to Hero [2s Th]
15451adf: folds
e7f7fdf8: folds
32d34f24: folds
fb4b7bf3: raises $0.08 to $0.13
Hero: folds
Uncalled bet ($0.08) returned to fb4b7bf3
*** SHOWDOWN ***
fb4b7bf3 collected $0.1 from pot
*** SUMMARY ***
Total pot $0.1 | Rake $0 | Jackpot $0 | Bingo $0 | Fortune $0 | Tax $0
Seat 1: 15451adf folded before Flop (didn't bet)
Seat 2: e7f7fdf8 folded before Flop (didn't bet)
Seat 3: 32d34f24 (button) folded before Flop (didn't bet)
Seat 5: fb4b7bf3 (small blind) collected ($0.1)
Seat 6: Hero (big blind) folded before Flop


Poker Hand #HD1733566109: Hold'em No Limit ($0.02/$0.05) - 2024/04/16 22:42:25
Table 'NLHBlue33' 6-max Seat #2 is the button
Seat 1: 15451adf ($7.72 in chips)
Seat 2: e7f7fdf8 ($5 in chips)
Seat 3: 32d34f24 ($5 in chips)
Seat 5: fb4b7bf3 ($4.07 in chips)
Seat 6: Hero ($10.72 in chips)
32d34f24: posts small blind $0.02
fb4b7bf3: posts big blind $0.05
*** HOLE CARDS ***
Dealt to 15451adf 
Dealt to e7f7fdf8 
Dealt to 32d34f24 
Dealt to fb4b7bf3 
Dealt to Hero [7h 9h]
Hero: folds
15451adf: folds
e7f7fdf8: folds
32d34f24: folds
Uncalled bet ($0.03) returned to fb4b7bf3
*** SHOWDOWN ***
fb4b7bf3 collected $0.04 from pot
*** SUMMARY ***
Total pot $0.04 | Rake $0 | Jackpot $0 | Bingo $0 | Fortune $0 | Tax $0
Seat 1: 15451adf folded before Flop (didn't bet)
Seat 2: e7f7fdf8 (button) folded before Flop (didn't bet)
Seat 3: 32d34f24 (small blind) folded before Flop
Seat 5: fb4b7bf3 (big blind) collected ($0.04)
Seat 6: Hero folded before Flop (didn't bet)


Poker Hand #HD1733565969: Hold'em No Limit ($0.02/$0.05) - 2024/04/16 22:41:10
Table 'NLHBlue33' 6-max Seat #1 is the button
Seat 1: 15451adf ($7.35 in chips)
Seat 2: e7f7fdf8 ($5 in chips)
Seat 3: 32d34f24 ($5 in chips)
Seat 4: 6662df6 ($2.2 in chips)
Seat 5: fb4b7bf3 ($4.07 in chips)
Seat 6: Hero ($10.84 in chips)
e7f7fdf8: posts small blind $0.02
32d34f24: posts big blind $0.05
*** HOLE CARDS ***
Dealt to 15451adf 
Dealt to e7f7fdf8 
Dealt to 32d34f24 
Dealt to 6662df6 
Dealt to fb4b7bf3 
Dealt to Hero [2c Ac]
6662df6: folds
fb4b7bf3: folds
Hero: raises $0.07 to $0.12
15451adf: calls $0.12
e7f7fdf8: calls $0.1
32d34f24: folds
*** FLOP *** [4s Kh 8h]
e7f7fdf8: checks
Hero: checks
15451adf: bets $0.11
e7f7fdf8: calls $0.11
Hero: folds
*** TURN *** [4s Kh 8h] [5s]
e7f7fdf8: checks
15451adf: bets $0.94
e7f7fdf8: folds
Uncalled bet ($0.94) returned to 15451adf
*** SHOWDOWN ***
15451adf collected $0.6 from pot
*** SUMMARY ***
Total pot $0.63 | Rake $0.03 | Jackpot $0 | Bingo $0 | Fortune $0 | Tax $0
Board [4s Kh 8h 5s]
Seat 1: 15451adf (button) won ($0.6)
Seat 2: e7f7fdf8 (small blind) folded on the Turn
Seat 3: 32d34f24 (big blind) folded before Flop
Seat 4: 6662df6 folded before Flop (didn't bet)
Seat 5: fb4b7bf3 folded before Flop (didn't bet)
Seat 6: Hero folded on the Flop


Poker Hand #HD1733565912: Hold'em No Limit ($0.02/$0.05) - 2024/04/16 22:40:46
Table 'NLHBlue33' 6-max Seat #6 is the button
Seat 1: 15451adf ($7.37 in chips)
Seat 2: e7f7fdf8 ($5 in chips)
Seat 3: 32d34f24 ($5 in chips)
Seat 4: 6662df6 ($2.2 in chips)
Seat 5: fb4b7bf3 ($4 in chips)
Seat 6: Hero ($10.84 in chips)
15451adf: posts small blind $0.02
e7f7fdf8: posts big blind $0.05
*** HOLE CARDS ***
Dealt to 15451adf 
Dealt to e7f7fdf8 
Dealt to 32d34f24 
Dealt to 6662df6 
Dealt to fb4b7bf3 
Dealt to Hero [4h 9s]
32d34f24: folds
6662df6: folds
fb4b7bf3: raises $0.05 to $0.1
Hero: folds
15451adf: folds
e7f7fdf8: folds
Uncalled bet ($0.05) returned to fb4b7bf3
*** SHOWDOWN ***
fb4b7bf3 collected $0.12 from pot
*** SUMMARY ***
Total pot $0.12 | Rake $0 | Jackpot $0 | Bingo $0 | Fortune $0 | Tax $0
Seat 1: 15451adf (small blind) folded before Flop
Seat 2: e7f7fdf8 (big blind) folded before Flop
Seat 3: 32d34f24 folded before Flop (didn't bet)
Seat 4: 6662df6 folded before Flop (didn't bet)
Seat 5: fb4b7bf3 collected ($0.12)
Seat 6: Hero (button) folded before Flop (didn't bet)


Poker Hand #HD1733565867: Hold'em No Limit ($0.02/$0.05) - 2024/04/16 22:40:20
Table 'NLHBlue33' 6-max Seat #5 is the button
Seat 1: 15451adf ($7.42 in chips)
Seat 2: e7f7fdf8 ($5 in chips)
Seat 3: 32d34f24 ($5 in chips)
Seat 4: 6662df6 ($2.13 in chips)
Seat 5: fb4b7bf3 ($4 in chips)
Seat 6: Hero ($10.86 in chips)
Hero: posts small blind $0.02
15451adf: posts big blind $0.05
*** HOLE CARDS ***
Dealt to 15451adf 
Dealt to e7f7fdf8 
Dealt to 32d34f24 
Dealt to 6662df6 
Dealt to fb4b7bf3 
Dealt to Hero [Qh 2s]
e7f7fdf8: folds
32d34f24: folds
6662df6: raises $0.08 to $0.13
fb4b7bf3: folds
Hero: folds
15451adf: folds
Uncalled bet ($0.08) returned to 6662df6
*** SHOWDOWN ***
6662df6 collected $0.12 from pot
*** SUMMARY ***
Total pot $0.12 | Rake $0 | Jackpot $0 | Bingo $0 | Fortune $0 | Tax $0
Seat 1: 15451adf (big blind) folded before Flop
Seat 2: e7f7fdf8 folded before Flop (didn't bet)
Seat 3: 32d34f24 folded before Flop (didn't bet)
Seat 4: 6662df6 collected ($0.12)
Seat 5: fb4b7bf3 (button) folded before Flop (didn't bet)
Seat 6: Hero (small blind) folded before Flop


Poker Hand #HD1733565762: Hold'em No Limit ($0.02/$0.05) - 2024/04/16 22:39:28
Table 'NLHBlue33' 6-max Seat #4 is the button
Seat 1: 15451adf ($7.42 in chips)
Seat 2: e7f7fdf8 ($5 in chips)
Seat 3: 32d34f24 ($5 in chips)
Seat 4: 6662df6 ($2.26 in chips)
Seat 5: fb4b7bf3 ($4.02 in chips)
Seat 6: Hero ($10.72 in chips)
fb4b7bf3: posts small blind $0.02
Hero: posts big blind $0.05
*** HOLE CARDS ***
Dealt to 15451adf 
Dealt to e7f7fdf8 
Dealt to 32d34f24 
Dealt to 6662df6 
Dealt to fb4b7bf3 
Dealt to Hero [Th Ac]
15451adf: folds
e7f7fdf8: folds
32d34f24: folds
6662df6: raises $0.08 to $0.13
fb4b7bf3: folds
Hero: calls $0.08
*** FLOP *** [Kd Qh 2s]
Hero: checks
6662df6: checks
*** TURN *** [Kd Qh 2s] [Qc]
Hero: bets $0.1
6662df6: folds
Uncalled bet ($0.1) returned to Hero
*** SHOWDOWN ***
Hero collected $0.27 from pot
*** SUMMARY ***
Total pot $0.28 | Rake $0.01 | Jackpot $0 | Bingo $0 | Fortune $0 | Tax $0
Board [Kd Qh 2s Qc]
Seat 1: 15451adf folded before Flop (didn't bet)
Seat 2: e7f7fdf8 folded before Flop (didn't bet)
Seat 3: 32d34f24 folded before Flop (didn't bet)
Seat 4: 6662df6 (button) folded on the Turn
Seat 5: fb4b7bf3 (small blind) folded before Flop
Seat 6: Hero (big blind) won ($0.27)


Poker Hand #HD1733565683: Hold'em No Limit ($0.02/$0.05) - 2024/04/16 22:38:44
Table 'NLHBlue33' 6-max Seat #3 is the button
Seat 1: 15451adf ($7.35 in chips)
Seat 2: e7f7fdf8 ($5 in chips)
Seat 3: 32d34f24 ($5 in chips)
Seat 4: 6662df6 ($2.28 in chips)
Seat 5: fb4b7bf3 ($4.07 in chips)
Seat 6: Hero ($10.72 in chips)
6662df6: posts small blind $0.02
fb4b7bf3: posts big blind $0.05
*** HOLE CARDS ***
Dealt to 15451adf 
Dealt to e7f7fdf8 
Dealt to 32d34f24 
Dealt to 6662df6 
Dealt to fb4b7bf3 
Dealt to Hero [Ts 6d]
Hero: folds
15451adf: raises $0.08 to $0.13
e7f7fdf8: folds
32d34f24: folds
6662df6: folds
fb4b7bf3: folds
Uncalled bet ($0.08) returned to 15451adf
*** SHOWDOWN ***
15451adf collected $0.12 from pot
*** SUMMARY ***
Total pot $0.12 | Rake $0 | Jackpot $0 | Bingo $0 | Fortune $0 | Tax $0
Seat 1: 15451adf collected ($0.12)
Seat 2: e7f7fdf8 folded before Flop (didn't bet)
Seat 3: 32d34f24 (button) folded before Flop (didn't bet)
Seat 4: 6662df6 (small blind) folded before Flop
Seat 5: fb4b7bf3 (big blind) folded before Flop
Seat 6: Hero folded before Flop (didn't bet)


Poker Hand #HD1733475561: Hold'em No Limit ($0.02/$0.05) - 2024/04/16 22:37:53
Table 'NLHBlue33' 6-max Seat #2 is the button
Seat 1: 15451adf ($7.35 in chips)
Seat 2: e7f7fdf8 ($5 in chips)
Seat 3: 32d34f24 ($5.02 in chips)
Seat 4: 6662df6 ($2.14 in chips)
Seat 5: fb4b7bf3 ($4.07 in chips)
Seat 6: Hero ($10.72 in chips)
32d34f24: posts small blind $0.02
6662df6: posts big blind $0.05
*** HOLE CARDS ***
Dealt to 15451adf 
Dealt to e7f7fdf8 
Dealt to 32d34f24 
Dealt to 6662df6 
Dealt to fb4b7bf3 
Dealt to Hero [3c Tc]
fb4b7bf3: folds
Hero: folds
15451adf: folds
e7f7fdf8: folds
32d34f24: raises $0.1 to $0.15
6662df6: calls $0.1
*** FLOP *** [7s Kh 9c]
32d34f24: checks
6662df6: checks
*** TURN *** [7s Kh 9c] [7h]
32d34f24: checks
6662df6: bets $0.25
32d34f24: folds
Uncalled bet ($0.25) returned to 6662df6
*** SHOWDOWN ***
6662df6 collected $0.29 from pot
*** SUMMARY ***
Total pot $0.3 | Rake $0.01 | Jackpot $0 | Bingo $0 | Fortune $0 | Tax $0
Board [7s Kh 9c 7h]
Seat 1: 15451adf folded before Flop (didn't bet)
Seat 2: e7f7fdf8 (button) folded before Flop (didn't bet)
Seat 3: 32d34f24 (small blind) folded on the Turn
Seat 4: 6662df6 (big blind) won ($0.29)
Seat 5: fb4b7bf3 folded before Flop (didn't bet)
Seat 6: Hero folded before Flop (didn't bet)


Poker Hand #HD1733475547: Hold'em No Limit ($0.02/$0.05) - 2024/04/16 22:37:43
Table 'NLHBlue33' 6-max Seat #1 is the button
Seat 1: 15451adf ($7.35 in chips)
Seat 2: e7f7fdf8 ($5 in chips)
Seat 3: 32d34f24 ($5 in chips)
Seat 4: 6662df6 ($2.14 in chips)
Seat 5: fb4b7bf3 ($4.07 in chips)
Seat 6: Hero ($10.72 in chips)
e7f7fdf8: posts small blind $0.02
32d34f24: posts big blind $0.05
*** HOLE CARDS ***
Dealt to 15451adf 
Dealt to e7f7fdf8 
Dealt to 32d34f24 
Dealt to 6662df6 
Dealt to fb4b7bf3 
Dealt to Hero [2c Qc]
6662df6: folds
fb4b7bf3: folds
Hero: folds
15451adf: folds
e7f7fdf8: folds
Uncalled bet ($0.03) returned to 32d34f24
*** SHOWDOWN ***
32d34f24 collected $0.04 from pot
*** SUMMARY ***
Total pot $0.04 | Rake $0 | Jackpot $0 | Bingo $0 | Fortune $0 | Tax $0
Seat 1: 15451adf (button) folded before Flop (didn't bet)
Seat 2: e7f7fdf8 (small blind) folded before Flop
Seat 3: 32d34f24 (big blind) collected ($0.04)
Seat 4: 6662df6 folded before Flop (didn't bet)
Seat 5: fb4b7bf3 folded before Flop (didn't bet)
Seat 6: Hero folded before Flop (didn't bet)


Poker Hand #HD1733475495: Hold'em No Limit ($0.02/$0.05) - 2024/04/16 22:37:22
Table 'NLHBlue33' 6-max Seat #6 is the button
Seat 1: 15451adf ($7.37 in chips)
Seat 2: e7f7fdf8 ($5 in chips)
Seat 3: 32d34f24 ($5 in chips)
Seat 4: 6662df6 ($2.14 in chips)
Seat 5: fb4b7bf3 ($4.07 in chips)
Seat 6: Hero ($10.65 in chips)
15451adf: posts small blind $0.02
e7f7fdf8: posts big blind $0.05
*** HOLE CARDS ***
Dealt to 15451adf 
Dealt to e7f7fdf8 
Dealt to 32d34f24 
Dealt to 6662df6 
Dealt to fb4b7bf3 
Dealt to Hero [Jc Kc]
32d34f24: folds
6662df6: folds
fb4b7bf3: folds
Hero: raises $0.07 to $0.12
15451adf: folds
e7f7fdf8: folds
Uncalled bet ($0.07) returned to Hero
*** SHOWDOWN ***
Hero collected $0.12 from pot
*** SUMMARY ***
Total pot $0.12 | Rake $0 | Jackpot $0 | Bingo $0 | Fortune $0 | Tax $0
Seat 1: 15451adf (small blind) folded before Flop
Seat 2: e7f7fdf8 (big blind) folded before Flop
Seat 3: 32d34f24 folded before Flop (didn't bet)
Seat 4: 6662df6 folded before Flop (didn't bet)
Seat 5: fb4b7bf3 folded before Flop (didn't bet)
Seat 6: Hero (button) collected ($0.12)


Poker Hand #HD1733475469: Hold'em No Limit ($0.02/$0.05) - 2024/04/16 22:37:07
Table 'NLHBlue33' 6-max Seat #5 is the button
Seat 1: 15451adf ($7.42 in chips)
Seat 2: e7f7fdf8 ($5 in chips)
Seat 3: 32d34f24 ($5 in chips)
Seat 4: 6662df6 ($2.07 in chips)
Seat 5: fb4b7bf3 ($4.07 in chips)
Seat 6: Hero ($10.67 in chips)
Hero: posts small blind $0.02
15451adf: posts big blind $0.05
*** HOLE CARDS ***
Dealt to 15451adf 
Dealt to e7f7fdf8 
Dealt to 32d34f24 
Dealt to 6662df6 
Dealt to fb4b7bf3 
Dealt to Hero [4d 6h]
e7f7fdf8: folds
32d34f24: folds
6662df6: raises $0.08 to $0.13
fb4b7bf3: folds
Hero: folds
15451adf: folds
Uncalled bet ($0.08) returned to 6662df6
*** SHOWDOWN ***
6662df6 collected $0.12 from pot
*** SUMMARY ***
Total pot $0.12 | Rake $0 | Jackpot $0 | Bingo $0 | Fortune $0 | Tax $0
Seat 1: 15451adf (big blind) folded before Flop
Seat 2: e7f7fdf8 folded before Flop (didn't bet)
Seat 3: 32d34f24 folded before Flop (didn't bet)
Seat 4: 6662df6 collected ($0.12)
Seat 5: fb4b7bf3 (button) folded before Flop (didn't bet)
Seat 6: Hero (small blind) folded before Flop


Poker Hand #HD1733475445: Hold'em No Limit ($0.02/$0.05) - 2024/04/16 22:36:54
Table 'NLHBlue33' 6-max Seat #4 is the button
Seat 1: 15451adf ($7.42 in chips)
Seat 2: e7f7fdf8 ($5 in chips)
Seat 3: 32d34f24 ($5 in chips)
Seat 4: 6662df6 ($2.07 in chips)
Seat 5: fb4b7bf3 ($4.09 in chips)
Seat 6: Hero ($10.65 in chips)
fb4b7bf3: posts small blind $0.02
Hero: posts big blind $0.05
*** HOLE CARDS ***
Dealt to 15451adf 
Dealt to e7f7fdf8 
Dealt to 32d34f24 
Dealt to 6662df6 
Dealt to fb4b7bf3 
Dealt to Hero [4h 8h]
15451adf: folds
e7f7fdf8: folds
32d34f24: folds
6662df6: folds
fb4b7bf3: folds
Uncalled bet ($0.03) returned to Hero
*** SHOWDOWN ***
Hero collected $0.04 from pot
*** SUMMARY ***
Total pot $0.04 | Rake $0 | Jackpot $0 | Bingo $0 | Fortune $0 | Tax $0
Seat 1: 15451adf folded before Flop (didn't bet)
Seat 2: e7f7fdf8 folded before Flop (didn't bet)
Seat 3: 32d34f24 folded before Flop (didn't bet)
Seat 4: 6662df6 (button) folded before Flop (didn't bet)
Seat 5: fb4b7bf3 (small blind) folded before Flop
Seat 6: Hero (big blind) collected ($0.04)


Poker Hand #HD1733475333: Hold'em No Limit ($0.02/$0.05) - 2024/04/16 22:36:05
Table 'NLHBlue33' 6-max Seat #3 is the button
Seat 1: 15451adf ($7.42 in chips)
Seat 2: e7f7fdf8 ($5 in chips)
Seat 3: 32d34f24 ($5 in chips)
Seat 4: 6662df6 ($2.09 in chips)
Seat 5: fb4b7bf3 ($3.95 in chips)
Seat 6: Hero ($10.65 in chips)
6662df6: posts small blind $0.02
fb4b7bf3: posts big blind $0.05
*** HOLE CARDS ***
Dealt to 15451adf 
Dealt to e7f7fdf8 
Dealt to 32d34f24 
Dealt to 6662df6 
Dealt to fb4b7bf3 
Dealt to Hero [7c 4c]
Hero: folds
15451adf: folds
e7f7fdf8: folds
32d34f24: raises $0.08 to $0.13
6662df6: folds
fb4b7bf3: calls $0.08
*** FLOP *** [2d 4h 9s]
fb4b7bf3: checks
32d34f24: checks
*** TURN *** [2d 4h 9s] [4s]
fb4b7bf3: checks
32d34f24: checks
*** RIVER *** [2d 4h 9s 4s] [2c]
fb4b7bf3: checks
32d34f24: checks
fb4b7bf3: shows [Ad Jh] (Pair of Fours and Pair of Twos)
32d34f24: shows [5c 8c] (Pair of Fours and Pair of Twos)
*** SHOWDOWN ***
fb4b7bf3 collected $0.27 from pot
*** SUMMARY ***
Total pot $0.28 | Rake $0.01 | Jackpot $0 | Bingo $0 | Fortune $0 | Tax $0
Board [2d 4h 9s 4s 2c]
Seat 1: 15451adf folded before Flop (didn't bet)
Seat 2: e7f7fdf8 folded before Flop (didn't bet)
Seat 3: 32d34f24 (button) showed [5c 8c] and lost with Pair of Fours and Pair of Twos
Seat 4: 6662df6 (small blind) folded before Flop
Seat 5: fb4b7bf3 (big blind) showed [Ad Jh] and won ($0.27) with Pair of Fours and Pair of Twos
Seat 6: Hero folded before Flop (didn't bet)


Poker Hand #HD1733475316: Hold'em No Limit ($0.02/$0.05) - 2024/04/16 22:35:56
Table 'NLHBlue33' 6-max Seat #2 is the button
Seat 1: 15451adf ($7.42 in chips)
Seat 2: e7f7fdf8 ($5 in chips)
Seat 3: 32d34f24 ($5 in chips)
Seat 4: 6662df6 ($2.07 in chips)
Seat 5: fb4b7bf3 ($3.95 in chips)
Seat 6: Hero ($10.65 in chips)
32d34f24: posts small blind $0.02
6662df6: posts big blind $0.05
*** HOLE CARDS ***
Dealt to 15451adf 
Dealt to e7f7fdf8 
Dealt to 32d34f24 
Dealt to 6662df6 
Dealt to fb4b7bf3 
Dealt to Hero [Jc 6d]
fb4b7bf3: folds
Hero: folds
15451adf: folds
e7f7fdf8: folds
32d34f24: folds
Uncalled bet ($0.03) returned to 6662df6
*** SHOWDOWN ***
6662df6 collected $0.04 from pot
*** SUMMARY ***
Total pot $0.04 | Rake $0 | Jackpot $0 | Bingo $0 | Fortune $0 | Tax $0
Seat 1: 15451adf folded before Flop (didn't bet)
Seat 2: e7f7fdf8 (button) folded before Flop (didn't bet)
Seat 3: 32d34f24 (small blind) folded before Flop
Seat 4: 6662df6 (big blind) collected ($0.04)
Seat 5: fb4b7bf3 folded before Flop (didn't bet)
Seat 6: Hero folded before Flop (didn't bet)


Poker Hand #HD1733475285: Hold'em No Limit ($0.02/$0.05) - 2024/04/16 22:35:37
Table 'NLHBlue33' 6-max Seat #1 is the button
Seat 1: 15451adf ($7.42 in chips)
Seat 2: e7f7fdf8 ($5 in chips)
Seat 3: 32d34f24 ($5 in chips)
Seat 4: 6662df6 ($2.07 in chips)
Seat 5: fb4b7bf3 ($3.95 in chips)
Seat 6: Hero ($10.58 in chips)
e7f7fdf8: posts small blind $0.02
32d34f24: posts big blind $0.05
*** HOLE CARDS ***
Dealt to 15451adf 
Dealt to e7f7fdf8 
Dealt to 32d34f24 
Dealt to 6662df6 
Dealt to fb4b7bf3 
Dealt to Hero [Qs Js]
6662df6: folds
fb4b7bf3: folds
Hero: raises $0.07 to $0.12
15451adf: folds
e7f7fdf8: folds
32d34f24: folds
Uncalled bet ($0.07) returned to Hero
*** SHOWDOWN ***
Hero collected $0.12 from pot
*** SUMMARY ***
Total pot $0.12 | Rake $0 | Jackpot $0 | Bingo $0 | Fortune $0 | Tax $0
Seat 1: 15451adf (button) folded before Flop (didn't bet)
Seat 2: e7f7fdf8 (small blind) folded before Flop
Seat 3: 32d34f24 (big blind) folded before Flop
Seat 4: 6662df6 folded before Flop (didn't bet)
Seat 5: fb4b7bf3 folded before Flop (didn't bet)
Seat 6: Hero collected ($0.12)


Poker Hand #HD1733475224: Hold'em No Limit ($0.02/$0.05) - 2024/04/16 22:35:12
Table 'NLHBlue33' 6-max Seat #6 is the button
Seat 1: 15451adf ($7.44 in chips)
Seat 2: e7f7fdf8 ($5 in chips)
Seat 3: 32d34f24 ($5 in chips)
Seat 4: 6662df6 ($2.07 in chips)
Seat 5: fb4b7bf3 ($3.88 in chips)
Seat 6: Hero ($10.58 in chips)
15451adf: posts small blind $0.02
e7f7fdf8: posts big blind $0.05
*** HOLE CARDS ***
Dealt to 15451adf 
Dealt to e7f7fdf8 
Dealt to 32d34f24 
Dealt to 6662df6 
Dealt to fb4b7bf3 
Dealt to Hero [6s 5d]
32d34f24: folds
6662df6: folds
fb4b7bf3: raises $0.06 to $0.11
Hero: folds
15451adf: folds
e7f7fdf8: folds
Uncalled bet ($0.06) returned to fb4b7bf3
*** SHOWDOWN ***
fb4b7bf3 collected $0.12 from pot
*** SUMMARY ***
Total pot $0.12 | Rake $0 | Jackpot $0 | Bingo $0 | Fortune $0 | Tax $0
Seat 1: 15451adf (small blind) folded before Flop
Seat 2: e7f7fdf8 (big blind) folded before Flop
Seat 3: 32d34f24 folded before Flop (didn't bet)
Seat 4: 6662df6 folded before Flop (didn't bet)
Seat 5: fb4b7bf3 collected ($0.12)
Seat 6: Hero (button) folded before Flop (didn't bet)


Poker Hand #HD1733475185: Hold'em No Limit ($0.02/$0.05) - 2024/04/16 22:34:53
Table 'NLHBlue33' 6-max Seat #5 is the button
Seat 1: 15451adf ($7.49 in chips)
Seat 3: 32d34f24 ($5 in chips)
Seat 4: 6662df6 ($2 in chips)
Seat 5: fb4b7bf3 ($3.88 in chips)
Seat 6: Hero ($10.6 in chips)
Hero: posts small blind $0.02
15451adf: posts big blind $0.05
*** HOLE CARDS ***
Dealt to 15451adf 
Dealt to 32d34f24 
Dealt to 6662df6 
Dealt to fb4b7bf3 
Dealt to Hero [3c 7s]
32d34f24: folds
6662df6: raises $0.08 to $0.13
fb4b7bf3: folds
Hero: folds
15451adf: folds
Uncalled bet ($0.08) returned to 6662df6
*** SHOWDOWN ***
6662df6 collected $0.12 from pot
*** SUMMARY ***
Total pot $0.12 | Rake $0 | Jackpot $0 | Bingo $0 | Fortune $0 | Tax $0
Seat 1: 15451adf (big blind) folded before Flop
Seat 3: 32d34f24 folded before Flop (didn't bet)
Seat 4: 6662df6 collected ($0.12)
Seat 5: fb4b7bf3 (button) folded before Flop (didn't bet)
Seat 6: Hero (small blind) folded before Flop


Poker Hand #HD1733475151: Hold'em No Limit ($0.02/$0.05) - 2024/04/16 22:34:35
Table 'NLHBlue33' 6-max Seat #4 is the button
Seat 1: 15451adf ($7.42 in chips)
Seat 3: 32d34f24 ($5 in chips)
Seat 4: 6662df6 ($2 in chips)
Seat 5: fb4b7bf3 ($3.9 in chips)
Seat 6: Hero ($10.65 in chips)
fb4b7bf3: posts small blind $0.02
Hero: posts big blind $0.05
*** HOLE CARDS ***
Dealt to 15451adf 
Dealt to 32d34f24 
Dealt to 6662df6 
Dealt to fb4b7bf3 
Dealt to Hero [4h Ts]
15451adf: raises $0.08 to $0.13
32d34f24: folds
6662df6: folds
fb4b7bf3: folds
Hero: folds
Uncalled bet ($0.08) returned to 15451adf
*** SHOWDOWN ***
15451adf collected $0.12 from pot
*** SUMMARY ***
Total pot $0.12 | Rake $0 | Jackpot $0 | Bingo $0 | Fortune $0 | Tax $0
Seat 1: 15451adf collected ($0.12)
Seat 3: 32d34f24 folded before Flop (didn't bet)
Seat 4: 6662df6 (button) folded before Flop (didn't bet)
Seat 5: fb4b7bf3 (small blind) folded before Flop
Seat 6: Hero (big blind) folded before Flop


Poker Hand #HD1733474964: Hold'em No Limit ($0.02/$0.05) - 2024/04/16 22:33:05
Table 'NLHBlue33' 6-max Seat #3 is the button
Seat 1: 15451adf ($6.66 in chips)
Seat 3: 32d34f24 ($5 in chips)
Seat 4: 6662df6 ($2.02 in chips)
Seat 5: fb4b7bf3 ($4.77 in chips)
Seat 6: Hero ($10.65 in chips)
6662df6: posts small blind $0.02
fb4b7bf3: posts big blind $0.05
*** HOLE CARDS ***
Dealt to 15451adf 
Dealt to 32d34f24 
Dealt to 6662df6 
Dealt to fb4b7bf3 
Dealt to Hero [4d Kd]
Hero: folds
15451adf: raises $0.08 to $0.13
32d34f24: folds
6662df6: folds
fb4b7bf3: calls $0.08
*** FLOP *** [6d 9h 3s]
fb4b7bf3: checks
15451adf: checks
*** TURN *** [6d 9h 3s] [8h]
fb4b7bf3: bets $0.21
15451adf: calls $0.21
*** RIVER *** [6d 9h 3s 8h] [8d]
fb4b7bf3: bets $0.53
15451adf: calls $0.53
fb4b7bf3: shows [Kh 2h] (Pair of Eights)
15451adf: shows [6c 5c] (Pair of Eights and Pair of Sixes)
*** SHOWDOWN ***
15451adf collected $1.63 from pot
*** SUMMARY ***
Total pot $1.76 | Rake $0.08 | Jackpot $0.05 | Bingo $0 | Fortune $0 | Tax $0
Board [6d 9h 3s 8h 8d]
Seat 1: 15451adf showed [6c 5c] and won ($1.63) with Pair of Eights and Pair of Sixes
Seat 3: 32d34f24 (button) folded before Flop (didn't bet)
Seat 4: 6662df6 (small blind) folded before Flop
Seat 5: fb4b7bf3 (big blind) showed [Kh 2h] and lost with Pair of Eights
Seat 6: Hero folded before Flop (didn't bet)


Poker Hand #HD1733474859: Hold'em No Limit ($0.02/$0.05) - 2024/04/16 22:32:09
Table 'NLHBlue33' 6-max Seat #1 is the button
Seat 1: 15451adf ($6.66 in chips)
Seat 2: 2773785d ($3.38 in chips)
Seat 3: 32d34f24 ($5 in chips)
Seat 4: 6662df6 ($1.39 in chips)
Seat 5: fb4b7bf3 ($4.77 in chips)
Seat 6: Hero ($10.65 in chips)
2773785d: posts small blind $0.02
32d34f24: posts big blind $0.05
*** HOLE CARDS ***
Dealt to 15451adf 
Dealt to 2773785d 
Dealt to 32d34f24 
Dealt to 6662df6 
Dealt to fb4b7bf3 
Dealt to Hero [Ac 4c]
6662df6: raises $0.08 to $0.13
fb4b7bf3: folds
Hero: folds
15451adf: folds
2773785d: calls $0.11
32d34f24: folds
*** FLOP *** [Kd 3h 3d]
2773785d: checks
6662df6: bets $0.17
2773785d: calls $0.17
*** TURN *** [Kd 3h 3d] [7d]
2773785d: checks
6662df6: bets $0.36
2773785d: calls $0.36
*** RIVER *** [Kd 3h 3d 7d] [8s]
2773785d: checks
6662df6: checks
2773785d: shows [5h 5d] (Pair of Fives and Pair of Treys)
6662df6: shows [Ts Th] (Pair of Tens and Pair of Treys)
*** SHOWDOWN ***
6662df6 collected $1.29 from pot
*** SUMMARY ***
Total pot $1.37 | Rake $0.08 | Jackpot $0 | Bingo $0 | Fortune $0 | Tax $0
Board [Kd 3h 3d 7d 8s]
Seat 1: 15451adf (button) folded before Flop (didn't bet)
Seat 2: 2773785d (small blind) showed [5h 5d] and lost with Pair of Fives and Pair of Treys
Seat 3: 32d34f24 (big blind) folded before Flop
Seat 4: 6662df6 showed [Ts Th] and won ($1.29) with Pair of Tens and Pair of Treys
Seat 5: fb4b7bf3 folded before Flop (didn't bet)
Seat 6: Hero folded before Flop (didn't bet)


Poker Hand #HD1733474643: Hold'em No Limit ($0.02/$0.05) - 2024/04/16 22:30:23
Table 'NLHBlue33' 6-max Seat #6 is the button
Seat 1: 15451adf ($6.02 in chips)
Seat 2: 2773785d ($4.14 in chips)
Seat 3: 32d34f24 ($5 in chips)
Seat 4: 6662df6 ($1.39 in chips)
Seat 5: fb4b7bf3 ($4.77 in chips)
Seat 6: Hero ($10.65 in chips)
15451adf: posts small blind $0.02
2773785d: posts big blind $0.05
*** HOLE CARDS ***
Dealt to 15451adf 
Dealt to 2773785d 
Dealt to 32d34f24 
Dealt to 6662df6 
Dealt to fb4b7bf3 
Dealt to Hero [Ad 3c]
32d34f24: folds
6662df6: folds
fb4b7bf3: folds
Hero: folds
15451adf: raises $0.1 to $0.15
2773785d: raises $0.23 to $0.38
15451adf: calls $0.23
*** FLOP *** [Qs 5d 2s]
15451adf: checks
2773785d: bets $0.38
15451adf: calls $0.38
*** TURN *** [Qs 5d 2s] [Kd]
15451adf: checks
2773785d: checks
*** RIVER *** [Qs 5d 2s Kd] [8d]
15451adf: bets $5.26 and is all-in
2773785d: folds
Uncalled bet ($5.26) returned to 15451adf
*** SHOWDOWN ***
15451adf collected $1.4 from pot
*** SUMMARY ***
Total pot $1.52 | Rake $0.07 | Jackpot $0.05 | Bingo $0 | Fortune $0 | Tax $0
Board [Qs 5d 2s Kd 8d]
Seat 1: 15451adf (small blind) won ($1.4)
Seat 2: 2773785d (big blind) folded on the River
Seat 3: 32d34f24 folded before Flop (didn't bet)
Seat 4: 6662df6 folded before Flop (didn't bet)
Seat 5: fb4b7bf3 folded before Flop (didn't bet)
Seat 6: Hero (button) folded before Flop (didn't bet)


Poker Hand #HD1733474617: Hold'em No Limit ($0.02/$0.05) - 2024/04/16 22:30:11
Table 'NLHBlue33' 6-max Seat #5 is the button
Seat 1: 15451adf ($6 in chips)
Seat 2: 2773785d ($4.14 in chips)
Seat 3: 32d34f24 ($5 in chips)
Seat 4: 6662df6 ($1.39 in chips)
Seat 5: fb4b7bf3 ($4.77 in chips)
Seat 6: Hero ($10.67 in chips)
Hero: posts small blind $0.02
15451adf: posts big blind $0.05
*** HOLE CARDS ***
Dealt to 15451adf 
Dealt to 2773785d 
Dealt to 32d34f24 
Dealt to 6662df6 
Dealt to fb4b7bf3 
Dealt to Hero [Jh 2d]
2773785d: folds
32d34f24: folds
6662df6: folds
fb4b7bf3: folds
Hero: folds
Uncalled bet ($0.03) returned to 15451adf
*** SHOWDOWN ***
15451adf collected $0.04 from pot
*** SUMMARY ***
Total pot $0.04 | Rake $0 | Jackpot $0 | Bingo $0 | Fortune $0 | Tax $0
Seat 1: 15451adf (big blind) collected ($0.04)
Seat 2: 2773785d folded before Flop (didn't bet)
Seat 3: 32d34f24 folded before Flop (didn't bet)
Seat 4: 6662df6 folded before Flop (didn't bet)
Seat 5: fb4b7bf3 (button) folded before Flop (didn't bet)
Seat 6: Hero (small blind) folded before Flop


Poker Hand #HD1733474412: Hold'em No Limit ($0.02/$0.05) - 2024/04/16 22:28:26
Table 'NLHBlue33' 6-max Seat #4 is the button
Seat 1: 15451adf ($5.24 in chips)
Seat 2: 2773785d ($4.96 in chips)
Seat 3: 32d34f24 ($5 in chips)
Seat 4: 6662df6 ($1.39 in chips)
Seat 5: fb4b7bf3 ($4.79 in chips)
Seat 6: Hero ($10.72 in chips)
fb4b7bf3: posts small blind $0.02
Hero: posts big blind $0.05
*** HOLE CARDS ***
Dealt to 15451adf 
Dealt to 2773785d 
Dealt to 32d34f24 
Dealt to 6662df6 
Dealt to fb4b7bf3 
Dealt to Hero [9h Jh]
15451adf: raises $0.08 to $0.13
2773785d: raises $0.17 to $0.3
32d34f24: folds
6662df6: folds
fb4b7bf3: folds
Hero: folds
15451adf: calls $0.17
*** FLOP *** [2s 3d Td]
15451adf: checks
2773785d: bets $0.23
15451adf: calls $0.23
*** TURN *** [2s 3d Td] [5d]
15451adf: bets $0.29
2773785d: calls $0.29
*** RIVER *** [2s 3d Td 5d] [7d]
15451adf: bets $0.52
2773785d: folds
Uncalled bet ($0.52) returned to 15451adf
15451adf: shows [6s 6h] (Pair of Sixes)
*** SHOWDOWN ***
15451adf collected $1.58 from pot
*** SUMMARY ***
Total pot $1.71 | Rake $0.08 | Jackpot $0.05 | Bingo $0 | Fortune $0 | Tax $0
Board [2s 3d Td 5d 7d]
Seat 1: 15451adf showed [6s 6h] and won ($1.58)
Seat 2: 2773785d folded on the River
Seat 3: 32d34f24 folded before Flop (didn't bet)
Seat 4: 6662df6 (button) folded before Flop (didn't bet)
Seat 5: fb4b7bf3 (small blind) folded before Flop
Seat 6: Hero (big blind) folded before Flop


Poker Hand #HD1733474370: Hold'em No Limit ($0.02/$0.05) - 2024/04/16 22:28:05
Table 'NLHBlue33' 6-max Seat #3 is the button
Seat 1: 15451adf ($5.24 in chips)
Seat 2: 2773785d ($4.89 in chips)
Seat 3: 32d34f24 ($5 in chips)
Seat 4: 6662df6 ($1.41 in chips)
Seat 5: fb4b7bf3 ($4.84 in chips)
Seat 6: Hero ($10.72 in chips)
6662df6: posts small blind $0.02
fb4b7bf3: posts big blind $0.05
*** HOLE CARDS ***
Dealt to 15451adf 
Dealt to 2773785d 
Dealt to 32d34f24 
Dealt to 6662df6 
Dealt to fb4b7bf3 
Dealt to Hero [2s Jh]
Hero: folds
15451adf: folds
2773785d: raises $0.05 to $0.1
32d34f24: folds
6662df6: folds
fb4b7bf3: folds
Uncalled bet ($0.05) returned to 2773785d
*** SHOWDOWN ***
2773785d collected $0.12 from pot
*** SUMMARY ***
Total pot $0.12 | Rake $0 | Jackpot $0 | Bingo $0 | Fortune $0 | Tax $0
Seat 1: 15451adf folded before Flop (didn't bet)
Seat 2: 2773785d collected ($0.12)
Seat 3: 32d34f24 (button) folded before Flop (didn't bet)
Seat 4: 6662df6 (small blind) folded before Flop
Seat 5: fb4b7bf3 (big blind) folded before Flop
Seat 6: Hero folded before Flop (didn't bet)


Poker Hand #HD1733474338: Hold'em No Limit ($0.02/$0.05) - 2024/04/16 22:27:51
Table 'NLHBlue33' 6-max Seat #2 is the button
Seat 1: 15451adf ($5.24 in chips)
Seat 2: 2773785d ($4.82 in chips)
Seat 3: 32d34f24 ($5 in chips)
Seat 4: 6662df6 ($1.46 in chips)
Seat 5: fb4b7bf3 ($4.84 in chips)
Seat 6: Hero ($10.72 in chips)
32d34f24: posts small blind $0.02
6662df6: posts big blind $0.05
*** HOLE CARDS ***
Dealt to 15451adf 
Dealt to 2773785d 
Dealt to 32d34f24 
Dealt to 6662df6 
Dealt to fb4b7bf3 
Dealt to Hero [Ts 9h]
fb4b7bf3: folds
Hero: folds
15451adf: folds
2773785d: raises $0.05 to $0.1
32d34f24: folds
6662df6: folds
Uncalled bet ($0.05) returned to 2773785d
*** SHOWDOWN ***
2773785d collected $0.12 from pot
*** SUMMARY ***
Total pot $0.12 | Rake $0 | Jackpot $0 | Bingo $0 | Fortune $0 | Tax $0
Seat 1: 15451adf folded before Flop (didn't bet)
Seat 2: 2773785d (button) collected ($0.12)
Seat 3: 32d34f24 (small blind) folded before Flop
Seat 4: 6662df6 (big blind) folded before Flop
Seat 5: fb4b7bf3 folded before Flop (didn't bet)
Seat 6: Hero folded before Flop (didn't bet)


Poker Hand #HD1733474298: Hold'em No Limit ($0.02/$0.05) - 2024/04/16 22:27:29
Table 'NLHBlue33' 6-max Seat #1 is the button
Seat 1: 15451adf ($5.06 in chips)
Seat 2: 2773785d ($4.84 in chips)
Seat 3: 32d34f24 ($5 in chips)
Seat 4: 6662df6 ($1.46 in chips)
Seat 5: fb4b7bf3 ($4.84 in chips)
Seat 6: Hero ($10.84 in chips)
2773785d: posts small blind $0.02
32d34f24: posts big blind $0.05
*** HOLE CARDS ***
Dealt to 15451adf 
Dealt to 2773785d 
Dealt to 32d34f24 
Dealt to 6662df6 
Dealt to fb4b7bf3 
Dealt to Hero [Th Qd]
6662df6: folds
fb4b7bf3: folds
Hero: raises $0.07 to $0.12
15451adf: raises $0.24 to $0.36
2773785d: folds
32d34f24: folds
Hero: folds
Uncalled bet ($0.24) returned to 15451adf
*** SHOWDOWN ***
15451adf collected $0.3 from pot
*** SUMMARY ***
Total pot $0.31 | Rake $0.01 | Jackpot $0 | Bingo $0 | Fortune $0 | Tax $0
Seat 1: 15451adf (button) collected ($0.3)
Seat 2: 2773785d (small blind) folded before Flop
Seat 3: 32d34f24 (big blind) folded before Flop
Seat 4: 6662df6 folded before Flop (didn't bet)
Seat 5: fb4b7bf3 folded before Flop (didn't bet)
Seat 6: Hero folded before Flop


Poker Hand #HD1733474260: Hold'em No Limit ($0.02/$0.05) - 2024/04/16 22:27:09
Table 'NLHBlue33' 6-max Seat #6 is the button
Seat 1: 15451adf ($5.01 in chips)
Seat 2: 2773785d ($4.89 in chips)
Seat 3: 32d34f24 ($5 in chips)
Seat 4: 6662df6 ($1.46 in chips)
Seat 5: fb4b7bf3 ($4.84 in chips)
Seat 6: Hero ($10.84 in chips)
15451adf: posts small blind $0.02
2773785d: posts big blind $0.05
*** HOLE CARDS ***
Dealt to 15451adf 
Dealt to 2773785d 
Dealt to 32d34f24 
Dealt to 6662df6 
Dealt to fb4b7bf3 
Dealt to Hero [6h Tc]
32d34f24: folds
6662df6: folds
fb4b7bf3: folds
Hero: folds
15451adf: raises $0.1 to $0.15
2773785d: folds
Uncalled bet ($0.1) returned to 15451adf
*** SHOWDOWN ***
15451adf collected $0.1 from pot
*** SUMMARY ***
Total pot $0.1 | Rake $0 | Jackpot $0 | Bingo $0 | Fortune $0 | Tax $0
Seat 1: 15451adf (small blind) collected ($0.1)
Seat 2: 2773785d (big blind) folded before Flop
Seat 3: 32d34f24 folded before Flop (didn't bet)
Seat 4: 6662df6 folded before Flop (didn't bet)
Seat 5: fb4b7bf3 folded before Flop (didn't bet)
Seat 6: Hero (button) folded before Flop (didn't bet)


Poker Hand #HD1733474181: Hold'em No Limit ($0.02/$0.05) - 2024/04/16 22:26:34
Table 'NLHBlue33' 6-max Seat #5 is the button
Seat 1: 15451adf ($4.89 in chips)
Seat 2: 2773785d ($4.89 in chips)
Seat 3: 32d34f24 ($5 in chips)
Seat 4: 6662df6 ($1.46 in chips)
Seat 5: fb4b7bf3 ($4.95 in chips)
Seat 6: Hero ($10.86 in chips)
Hero: posts small blind $0.02
15451adf: posts big blind $0.05
*** HOLE CARDS ***
Dealt to 15451adf 
Dealt to 2773785d 
Dealt to 32d34f24 
Dealt to 6662df6 
Dealt to fb4b7bf3 
Dealt to Hero [5c 2d]
2773785d: folds
32d34f24: folds
6662df6: folds
fb4b7bf3: raises $0.06 to $0.11
Hero: folds
15451adf: raises $0.44 to $0.55
fb4b7bf3: folds
Uncalled bet ($0.44) returned to 15451adf
*** SHOWDOWN ***
15451adf collected $0.23 from pot
*** SUMMARY ***
Total pot $0.24 | Rake $0.01 | Jackpot $0 | Bingo $0 | Fortune $0 | Tax $0
Seat 1: 15451adf (big blind) collected ($0.23)
Seat 2: 2773785d folded before Flop (didn't bet)
Seat 3: 32d34f24 folded before Flop (didn't bet)
Seat 4: 6662df6 folded before Flop (didn't bet)
Seat 5: fb4b7bf3 (button) folded before Flop
Seat 6: Hero (small blind) folded before Flop


Poker Hand #HD1733474150: Hold'em No Limit ($0.02/$0.05) - 2024/04/16 22:26:20
Table 'NLHBlue33' 6-max Seat #4 is the button
Seat 1: 15451adf ($4.89 in chips)
Seat 2: 2773785d ($4.89 in chips)
Seat 3: 32d34f24 ($5 in chips)
Seat 4: 6662df6 ($1.46 in chips)
Seat 5: fb4b7bf3 ($4.9 in chips)
Seat 6: Hero ($10.91 in chips)
fb4b7bf3: posts small blind $0.02
Hero: posts big blind $0.05
*** HOLE CARDS ***
Dealt to 15451adf 
Dealt to 2773785d 
Dealt to 32d34f24 
Dealt to 6662df6 
Dealt to fb4b7bf3 
Dealt to Hero [Tc 4h]
15451adf: folds
2773785d: folds
32d34f24: folds
6662df6: folds
fb4b7bf3: raises $0.1 to $0.15
Hero: folds
Uncalled bet ($0.1) returned to fb4b7bf3
*** SHOWDOWN ***
fb4b7bf3 collected $0.1 from pot
*** SUMMARY ***
Total pot $0.1 | Rake $0 | Jackpot $0 | Bingo $0 | Fortune $0 | Tax $0
Seat 1: 15451adf folded before Flop (didn't bet)
Seat 2: 2773785d folded before Flop (didn't bet)
Seat 3: 32d34f24 folded before Flop (didn't bet)
Seat 4: 6662df6 (button) folded before Flop (didn't bet)
Seat 5: fb4b7bf3 (small blind) collected ($0.1)
Seat 6: Hero (big blind) folded before Flop


Poker Hand #HD1733474129: Hold'em No Limit ($0.02/$0.05) - 2024/04/16 22:26:08
Table 'NLHBlue33' 6-max Seat #3 is the button
Seat 1: 15451adf ($4.89 in chips)
Seat 2: 2773785d ($4.89 in chips)
Seat 3: 32d34f24 ($5 in chips)
Seat 4: 6662df6 ($1.48 in chips)
Seat 5: fb4b7bf3 ($4.88 in chips)
Seat 6: Hero ($10.91 in chips)
6662df6: posts small blind $0.02
fb4b7bf3: posts big blind $0.05
*** HOLE CARDS ***
Dealt to 15451adf 
Dealt to 2773785d 
Dealt to 32d34f24 
Dealt to 6662df6 
Dealt to fb4b7bf3 
Dealt to Hero [4d Qd]
Hero: folds
15451adf: folds
2773785d: folds
32d34f24: folds
6662df6: folds
Uncalled bet ($0.03) returned to fb4b7bf3
*** SHOWDOWN ***
fb4b7bf3 collected $0.04 from pot
*** SUMMARY ***
Total pot $0.04 | Rake $0 | Jackpot $0 | Bingo $0 | Fortune $0 | Tax $0
Seat 1: 15451adf folded before Flop (didn't bet)
Seat 2: 2773785d folded before Flop (didn't bet)
Seat 3: 32d34f24 (button) folded before Flop (didn't bet)
Seat 4: 6662df6 (small blind) folded before Flop
Seat 5: fb4b7bf3 (big blind) collected ($0.04)
Seat 6: Hero folded before Flop (didn't bet)


Poker Hand #HD1733474070: Hold'em No Limit ($0.02/$0.05) - 2024/04/16 22:25:39
Table 'NLHBlue33' 6-max Seat #2 is the button
Seat 1: 15451adf ($5.02 in chips)
Seat 2: 2773785d ($4.7 in chips)
Seat 3: 32d34f24 ($5 in chips)
Seat 4: 6662df6 ($1.53 in chips)
Seat 5: fb4b7bf3 ($4.88 in chips)
Seat 6: Hero ($10.91 in chips)
32d34f24: posts small blind $0.02
6662df6: posts big blind $0.05
*** HOLE CARDS ***
Dealt to 15451adf 
Dealt to 2773785d 
Dealt to 32d34f24 
Dealt to 6662df6 
Dealt to fb4b7bf3 
Dealt to Hero [Qs 5s]
fb4b7bf3: folds
Hero: folds
15451adf: raises $0.08 to $0.13
2773785d: calls $0.13
32d34f24: folds
6662df6: folds
*** FLOP *** [3h 5c As]
15451adf: checks
2773785d: bets $0.17
15451adf: folds
Uncalled bet ($0.17) returned to 2773785d
*** SHOWDOWN ***
2773785d collected $0.32 from pot
*** SUMMARY ***
Total pot $0.33 | Rake $0.01 | Jackpot $0 | Bingo $0 | Fortune $0 | Tax $0
Board [3h 5c As]
Seat 1: 15451adf folded on the Flop
Seat 2: 2773785d (button) won ($0.32)
Seat 3: 32d34f24 (small blind) folded before Flop
Seat 4: 6662df6 (big blind) folded before Flop
Seat 5: fb4b7bf3 folded before Flop (didn't bet)
Seat 6: Hero folded before Flop (didn't bet)


Poker Hand #HD1733473917: Hold'em No Limit ($0.02/$0.05) - 2024/04/16 22:24:21
Table 'NLHBlue33' 6-max Seat #1 is the button
Seat 1: 15451adf ($4.59 in chips)
Seat 2: 2773785d ($4.93 in chips)
Seat 3: 32d34f24 ($5.07 in chips)
Seat 4: 6662df6 ($1.53 in chips)
Seat 5: fb4b7bf3 ($4.88 in chips)
Seat 6: Hero ($10.91 in chips)
2773785d: posts small blind $0.02
32d34f24: posts big blind $0.05
*** HOLE CARDS ***
Dealt to 15451adf 
Dealt to 2773785d 
Dealt to 32d34f24 
Dealt to 6662df6 
Dealt to fb4b7bf3 
Dealt to Hero [7h 2h]
6662df6: folds
fb4b7bf3: folds
Hero: folds
15451adf: raises $0.08 to $0.13
2773785d: calls $0.11
32d34f24: calls $0.08
*** FLOP *** [6h Ah 9h]
2773785d: checks
32d34f24: checks
15451adf: bets $0.1
2773785d: calls $0.1
32d34f24: calls $0.1
*** TURN *** [6h Ah 9h] [5c]
2773785d: checks
32d34f24: checks
15451adf: bets $1.02
2773785d: folds
32d34f24: folds
Uncalled bet ($1.02) returned to 15451adf
*** SHOWDOWN ***
15451adf collected $0.66 from pot
*** SUMMARY ***
Total pot $0.69 | Rake $0.03 | Jackpot $0 | Bingo $0 | Fortune $0 | Tax $0
Board [6h Ah 9h 5c]
Seat 1: 15451adf (button) won ($0.66)
Seat 2: 2773785d (small blind) folded on the Turn
Seat 3: 32d34f24 (big blind) folded on the Turn
Seat 4: 6662df6 folded before Flop (didn't bet)
Seat 5: fb4b7bf3 folded before Flop (didn't bet)
Seat 6: Hero folded before Flop (didn't bet)


Poker Hand #HD1733473889: Hold'em No Limit ($0.02/$0.05) - 2024/04/16 22:24:07
Table 'NLHBlue33' 6-max Seat #6 is the button
Seat 1: 15451adf ($4.61 in chips)
Seat 2: 2773785d ($4.98 in chips)
Seat 3: 32d34f24 ($5 in chips)
Seat 4: 6662df6 ($1.53 in chips)
Seat 5: fb4b7bf3 ($4.88 in chips)
Seat 6: Hero ($10.91 in chips)
15451adf: posts small blind $0.02
2773785d: posts big blind $0.05
*** HOLE CARDS ***
Dealt to 15451adf 
Dealt to 2773785d 
Dealt to 32d34f24 
Dealt to 6662df6 
Dealt to fb4b7bf3 
Dealt to Hero [5s 9c]
32d34f24: raises $0.08 to $0.13
6662df6: folds
fb4b7bf3: folds
Hero: folds
15451adf: folds
2773785d: folds
Uncalled bet ($0.08) returned to 32d34f24
*** SHOWDOWN ***
32d34f24 collected $0.12 from pot
*** SUMMARY ***
Total pot $0.12 | Rake $0 | Jackpot $0 | Bingo $0 | Fortune $0 | Tax $0
Seat 1: 15451adf (small blind) folded before Flop
Seat 2: 2773785d (big blind) folded before Flop
Seat 3: 32d34f24 collected ($0.12)
Seat 4: 6662df6 folded before Flop (didn't bet)
Seat 5: fb4b7bf3 folded before Flop (didn't bet)
Seat 6: Hero (button) folded before Flop (didn't bet)


Poker Hand #HD1733473748: Hold'em No Limit ($0.02/$0.05) - 2024/04/16 22:23:01
Table 'NLHBlue33' 6-max Seat #5 is the button
Seat 1: 15451adf ($4.66 in chips)
Seat 2: 2773785d ($4.71 in chips)
Seat 3: 32d34f24 ($5 in chips)
Seat 4: 6662df6 ($1.53 in chips)
Seat 5: fb4b7bf3 ($4.88 in chips)
Seat 6: Hero ($10.93 in chips)
Hero: posts small blind $0.02
15451adf: posts big blind $0.05
*** HOLE CARDS ***
Dealt to 15451adf 
Dealt to 2773785d 
Dealt to 32d34f24 
Dealt to 6662df6 
Dealt to fb4b7bf3 
Dealt to Hero [Qc 3h]
2773785d: calls $0.05
32d34f24: raises $0.17 to $0.22
6662df6: folds
fb4b7bf3: folds
Hero: folds
15451adf: folds
2773785d: calls $0.17
*** FLOP *** [Kh 6s 7d]
2773785d: checks
32d34f24: checks
*** TURN *** [Kh 6s 7d] [4d]
2773785d: checks
32d34f24: checks
*** RIVER *** [Kh 6s 7d 4d] [3c]
2773785d: bets $0.26
32d34f24: folds
Uncalled bet ($0.26) returned to 2773785d
*** SHOWDOWN ***
2773785d collected $0.49 from pot
*** SUMMARY ***
Total pot $0.51 | Rake $0.02 | Jackpot $0 | Bingo $0 | Fortune $0 | Tax $0
Board [Kh 6s 7d 4d 3c]
Seat 1: 15451adf (big blind) folded before Flop
Seat 2: 2773785d won ($0.49)
Seat 3: 32d34f24 folded on the River
Seat 4: 6662df6 folded before Flop (didn't bet)
Seat 5: fb4b7bf3 (button) folded before Flop (didn't bet)
Seat 6: Hero (small blind) folded before Flop


Poker Hand #HD1733473718: Hold'em No Limit ($0.02/$0.05) - 2024/04/16 22:22:47
Table 'NLHBlue33' 6-max Seat #4 is the button
Seat 1: 15451adf ($4.66 in chips)
Seat 2: 2773785d ($4.71 in chips)
Seat 3: 32d34f24 ($5 in chips)
Seat 4: 6662df6 ($1.53 in chips)
Seat 5: fb4b7bf3 ($4.9 in chips)
Seat 6: Hero ($10.91 in chips)
fb4b7bf3: posts small blind $0.02
Hero: posts big blind $0.05
*** HOLE CARDS ***
Dealt to 15451adf 
Dealt to 2773785d 
Dealt to 32d34f24 
Dealt to 6662df6 
Dealt to fb4b7bf3 
Dealt to Hero [Ts Qh]
15451adf: folds
2773785d: folds
32d34f24: folds
6662df6: folds
fb4b7bf3: folds
Uncalled bet ($0.03) returned to Hero
*** SHOWDOWN ***
Hero collected $0.04 from pot
*** SUMMARY ***
Total pot $0.04 | Rake $0 | Jackpot $0 | Bingo $0 | Fortune $0 | Tax $0
Seat 1: 15451adf folded before Flop (didn't bet)
Seat 2: 2773785d folded before Flop (didn't bet)
Seat 3: 32d34f24 folded before Flop (didn't bet)
Seat 4: 6662df6 (button) folded before Flop (didn't bet)
Seat 5: fb4b7bf3 (small blind) folded before Flop
Seat 6: Hero (big blind) collected ($0.04)


Poker Hand #HD1733473608: Hold'em No Limit ($0.02/$0.05) - 2024/04/16 22:21:52
Table 'NLHBlue33' 6-max Seat #3 is the button
Seat 1: 15451adf ($4.66 in chips)
Seat 2: 2773785d ($5 in chips)
Seat 3: 32d34f24 ($5 in chips)
Seat 4: 6662df6 ($1.13 in chips)
Seat 5: fb4b7bf3 ($4.95 in chips)
Seat 6: Hero ($11.01 in chips)
6662df6: posts small blind $0.02
fb4b7bf3: posts big blind $0.05
*** HOLE CARDS ***
Dealt to 15451adf 
Dealt to 2773785d 
Dealt to 32d34f24 
Dealt to 6662df6 
Dealt to fb4b7bf3 
Dealt to Hero [Ah Jd]
Hero: raises $0.05 to $0.1
15451adf: folds
2773785d: calls $0.1
32d34f24: folds
6662df6: raises $0.19 to $0.29
fb4b7bf3: folds
Hero: folds
2773785d: calls $0.19
*** FLOP *** [8s 5h 9c]
6662df6: checks
2773785d: checks
*** TURN *** [8s 5h 9c] [Qc]
6662df6: bets $0.61
2773785d: folds
Uncalled bet ($0.61) returned to 6662df6
*** SHOWDOWN ***
6662df6 collected $0.69 from pot
*** SUMMARY ***
Total pot $0.73 | Rake $0.04 | Jackpot $0 | Bingo $0 | Fortune $0 | Tax $0
Board [8s 5h 9c Qc]
Seat 1: 15451adf folded before Flop (didn't bet)
Seat 2: 2773785d folded on the Turn
Seat 3: 32d34f24 (button) folded before Flop (didn't bet)
Seat 4: 6662df6 (small blind) won ($0.69)
Seat 5: fb4b7bf3 (big blind) folded before Flop
Seat 6: Hero folded before Flop


Poker Hand #HD1733473567: Hold'em No Limit ($0.02/$0.05) - 2024/04/16 22:21:30
Table 'NLHBlue33' 6-max Seat #2 is the button
Seat 1: 15451adf ($4.66 in chips)
Seat 2: 2773785d ($5 in chips)
Seat 3: 32d34f24 ($5 in chips)
Seat 4: 6662df6 ($1.11 in chips)
Seat 5: fb4b7bf3 ($4.95 in chips)
Seat 6: Hero ($11.01 in chips)
32d34f24: posts small blind $0.02
6662df6: posts big blind $0.05
*** HOLE CARDS ***
Dealt to 15451adf 
Dealt to 2773785d 
Dealt to 32d34f24 
Dealt to 6662df6 
Dealt to fb4b7bf3 
Dealt to Hero [Th 9c]
fb4b7bf3: folds
Hero: folds
15451adf: folds
2773785d: folds
32d34f24: folds
Uncalled bet ($0.03) returned to 6662df6
*** SHOWDOWN ***
6662df6 collected $0.04 from pot
*** SUMMARY ***
Total pot $0.04 | Rake $0 | Jackpot $0 | Bingo $0 | Fortune $0 | Tax $0
Seat 1: 15451adf folded before Flop (didn't bet)
Seat 2: 2773785d (button) folded before Flop (didn't bet)
Seat 3: 32d34f24 (small blind) folded before Flop
Seat 4: 6662df6 (big blind) collected ($0.04)
Seat 5: fb4b7bf3 folded before Flop (didn't bet)
Seat 6: Hero folded before Flop (didn't bet)


Poker Hand #HD1733473543: Hold'em No Limit ($0.02/$0.05) - 2024/04/16 22:21:18
Table 'NLHBlue33' 6-max Seat #1 is the button
Seat 1: 15451adf ($4.66 in chips)
Seat 2: 2773785d ($4.95 in chips)
Seat 3: 32d34f24 ($5 in chips)
Seat 4: 6662df6 ($1.11 in chips)
Seat 5: fb4b7bf3 ($4.95 in chips)
Seat 6: Hero ($11.01 in chips)
2773785d: posts small blind $0.02
32d34f24: posts big blind $0.05
*** HOLE CARDS ***
Dealt to 15451adf 
Dealt to 2773785d 
Dealt to 32d34f24 
Dealt to 6662df6 
Dealt to fb4b7bf3 
Dealt to Hero [9d Jh]
6662df6: folds
fb4b7bf3: folds
Hero: folds
15451adf: folds
2773785d: raises $0.05 to $0.1
32d34f24: folds
Uncalled bet ($0.05) returned to 2773785d
*** SHOWDOWN ***
2773785d collected $0.1 from pot
*** SUMMARY ***
Total pot $0.1 | Rake $0 | Jackpot $0 | Bingo $0 | Fortune $0 | Tax $0
Seat 1: 15451adf (button) folded before Flop (didn't bet)
Seat 2: 2773785d (small blind) collected ($0.1)
Seat 3: 32d34f24 (big blind) folded before Flop
Seat 4: 6662df6 folded before Flop (didn't bet)
Seat 5: fb4b7bf3 folded before Flop (didn't bet)
Seat 6: Hero folded before Flop (didn't bet)


Poker Hand #HD1733473503: Hold'em No Limit ($0.02/$0.05) - 2024/04/16 22:20:56
Table 'NLHBlue33' 6-max Seat #6 is the button
Seat 1: 15451adf ($4.68 in chips)
Seat 2: 2773785d ($5 in chips)
Seat 3: 32d34f24 ($5 in chips)
Seat 4: 6662df6 ($1 in chips)
Seat 5: fb4b7bf3 ($5 in chips)
Seat 6: Hero ($11.01 in chips)
15451adf: posts small blind $0.02
2773785d: posts big blind $0.05
fb4b7bf3: posts big blind $0.05
*** HOLE CARDS ***
Dealt to 15451adf 
Dealt to 2773785d 
Dealt to 32d34f24 
Dealt to 6662df6 
Dealt to fb4b7bf3 
Dealt to Hero [Th Ac]
32d34f24: folds
6662df6: raises $0.1 to $0.15
fb4b7bf3: folds
Hero: folds
15451adf: folds
2773785d: folds
Uncalled bet ($0.1) returned to 6662df6
*** SHOWDOWN ***
6662df6 collected $0.16 from pot
*** SUMMARY ***
Total pot $0.17 | Rake $0.01 | Jackpot $0 | Bingo $0 | Fortune $0 | Tax $0
Seat 1: 15451adf (small blind) folded before Flop
Seat 2: 2773785d (big blind) folded before Flop
Seat 3: 32d34f24 folded before Flop (didn't bet)
Seat 4: 6662df6 collected ($0.16)
Seat 5: fb4b7bf3 folded before Flop
Seat 6: Hero (button) folded before Flop (didn't bet)


Poker Hand #HD1733473472: Hold'em No Limit ($0.02/$0.05) - 2024/04/16 22:20:41
Table 'NLHBlue33' 6-max Seat #4 is the button
Seat 1: 15451adf ($4.66 in chips)
Seat 3: 32d34f24 ($5 in chips)
Seat 4: 6662df6 ($1 in chips)
Seat 6: Hero ($11.03 in chips)
Hero: posts small blind $0.02
15451adf: posts big blind $0.05
*** HOLE CARDS ***
Dealt to 15451adf 
Dealt to 32d34f24 
Dealt to 6662df6 
Dealt to Hero [9c 4s]
32d34f24: folds
6662df6: folds
Hero: folds
Uncalled bet ($0.03) returned to 15451adf
*** SHOWDOWN ***
15451adf collected $0.04 from pot
*** SUMMARY ***
Total pot $0.04 | Rake $0 | Jackpot $0 | Bingo $0 | Fortune $0 | Tax $0
Seat 1: 15451adf (big blind) collected ($0.04)
Seat 3: 32d34f24 folded before Flop (didn't bet)
Seat 4: 6662df6 (button) folded before Flop (didn't bet)
Seat 6: Hero (small blind) folded before Flop


Poker Hand #HD1733473384: Hold'em No Limit ($0.02/$0.05) - 2024/04/16 22:19:50
Table 'NLHBlue33' 6-max Seat #3 is the button
Seat 3: 32d34f24 ($5.07 in chips)
Seat 4: 6662df6 ($1.16 in chips)
Seat 6: Hero ($9.91 in chips)
6662df6: posts small blind $0.02
Hero: posts big blind $0.05
*** HOLE CARDS ***
Dealt to 32d34f24 
Dealt to 6662df6 
Dealt to Hero [Kd 9d]
32d34f24: raises $0.08 to $0.13
6662df6: calls $0.11
Hero: calls $0.08
*** FLOP *** [Kh Jd 2h]
6662df6: bets $0.33
Hero: calls $0.33
32d34f24: folds
*** TURN *** [Kh Jd 2h] [6d]
6662df6: bets $0.33
Hero: raises $0.62 to $0.95
6662df6: calls $0.37 and is all-in
Uncalled bet ($0.25) returned to Hero
Hero: shows [Kd 9d] (Pair of Kings)
6662df6: shows [Kc Js] (Pair of Kings and Pair of Jacks)
*** RIVER *** [Kh Jd 2h 6d] [3d]
*** SHOWDOWN ***
Hero collected $2.28 from pot
*** SUMMARY ***
Total pot $2.45 | Rake $0.12 | Jackpot $0.05 | Bingo $0 | Fortune $0 | Tax $0
Board [Kh Jd 2h 6d 3d]
Seat 3: 32d34f24 (button) folded on the Flop
Seat 4: 6662df6 (small blind) showed [Kc Js] and lost with Pair of Kings and Pair of Jacks
Seat 6: Hero (big blind) showed [Kd 9d] and won ($2.28) with King High Flush


Poker Hand #HD1733473348: Hold'em No Limit ($0.02/$0.05) - 2024/04/16 22:19:33
Table 'NLHBlue33' 6-max Seat #6 is the button
Seat 3: 32d34f24 ($5.02 in chips)
Seat 4: 6662df6 ($1.21 in chips)
Seat 6: Hero ($9.91 in chips)
32d34f24: posts small blind $0.02
6662df6: posts big blind $0.05
*** HOLE CARDS ***
Dealt to 32d34f24 
Dealt to 6662df6 
Dealt to Hero [5s 3h]
Hero: folds
32d34f24: raises $0.1 to $0.15
6662df6: folds
Uncalled bet ($0.1) returned to 32d34f24
*** SHOWDOWN ***
32d34f24 collected $0.1 from pot
*** SUMMARY ***
Total pot $0.1 | Rake $0 | Jackpot $0 | Bingo $0 | Fortune $0 | Tax $0
Seat 3: 32d34f24 (small blind) collected ($0.1)
Seat 4: 6662df6 (big blind) folded before Flop
Seat 6: Hero (button) folded before Flop (didn't bet)


Poker Hand #HD1733473328: Hold'em No Limit ($0.02/$0.05) - 2024/04/16 22:19:24
Table 'NLHBlue33' 6-max Seat #4 is the button
Seat 3: 32d34f24 ($5.07 in chips)
Seat 4: 6662df6 ($1.21 in chips)
Seat 6: Hero ($9.86 in chips)
Hero: posts small blind $0.02
32d34f24: posts big blind $0.05
*** HOLE CARDS ***
Dealt to 32d34f24 
Dealt to 6662df6 
Dealt to Hero [Ad Qc]
6662df6: folds
Hero: raises $0.1 to $0.15
32d34f24: folds
Uncalled bet ($0.1) returned to Hero
*** SHOWDOWN ***
Hero collected $0.1 from pot
*** SUMMARY ***
Total pot $0.1 | Rake $0 | Jackpot $0 | Bingo $0 | Fortune $0 | Tax $0
Seat 3: 32d34f24 (big blind) folded before Flop
Seat 4: 6662df6 (button) folded before Flop (didn't bet)
Seat 6: Hero (small blind) collected ($0.1)


Poker Hand #HD1733473312: Hold'em No Limit ($0.02/$0.05) - 2024/04/16 22:19:15
Table 'NLHBlue33' 6-max Seat #3 is the button
Seat 3: 32d34f24 ($5 in chips)
Seat 4: 6662df6 ($1.23 in chips)
Seat 6: Hero ($9.91 in chips)
6662df6: posts small blind $0.02
Hero: posts big blind $0.05
*** HOLE CARDS ***
Dealt to 32d34f24 
Dealt to 6662df6 
Dealt to Hero [4s 7h]
32d34f24: raises $0.08 to $0.13
6662df6: folds
Hero: folds
Uncalled bet ($0.08) returned to 32d34f24
*** SHOWDOWN ***
32d34f24 collected $0.12 from pot
*** SUMMARY ***
Total pot $0.12 | Rake $0 | Jackpot $0 | Bingo $0 | Fortune $0 | Tax $0
Seat 3: 32d34f24 (button) collected ($0.12)
Seat 4: 6662df6 (small blind) folded before Flop
Seat 6: Hero (big blind) folded before Flop


Poker Hand #HD1733473297: Hold'em No Limit ($0.02/$0.05) - 2024/04/16 22:19:09
Table 'NLHBlue33' 6-max Seat #6 is the button
Seat 3: 32d34f24 ($5 in chips)
Seat 4: 6662df6 ($1.21 in chips)
Seat 6: Hero ($9.91 in chips)
32d34f24: posts small blind $0.02
6662df6: posts big blind $0.05
*** HOLE CARDS ***
Dealt to 32d34f24 
Dealt to 6662df6 
Dealt to Hero [7h Kd]
Hero: folds
32d34f24: folds
Uncalled bet ($0.03) returned to 6662df6
*** SHOWDOWN ***
6662df6 collected $0.04 from pot
*** SUMMARY ***
Total pot $0.04 | Rake $0 | Jackpot $0 | Bingo $0 | Fortune $0 | Tax $0
Seat 3: 32d34f24 (small blind) folded before Flop
Seat 4: 6662df6 (big blind) collected ($0.04)
Seat 6: Hero (button) folded before Flop (didn't bet)


Poker Hand #HD1733473192: Hold'em No Limit ($0.02/$0.05) - 2024/04/16 22:18:20
Table 'NLHBlue33' 6-max Seat #4 is the button
Seat 3: 32d34f24 ($5.01 in chips)
Seat 4: 6662df6 ($1.21 in chips)
Seat 6: Hero ($9.38 in chips)
Hero: posts small blind $0.02
32d34f24: posts big blind $0.05
*** HOLE CARDS ***
Dealt to 32d34f24 
Dealt to 6662df6 
Dealt to Hero [7d 9d]
6662df6: folds
Hero: calls $0.03
32d34f24: checks
*** FLOP *** [Ad 9s Kd]
Hero: checks
32d34f24: checks
*** TURN *** [Ad 9s Kd] [Ah]
Hero: checks
32d34f24: bets $0.08
Hero: calls $0.08
*** RIVER *** [Ad 9s Kd Ah] [Js]
Hero: checks
32d34f24: bets $0.45
Hero: calls $0.45
32d34f24: shows [8h 2h] (Pair of Aces)
Hero: shows [7d 9d] (Pair of Aces and Pair of Nines)
*** SHOWDOWN ***
Hero collected $1.11 from pot
*** SUMMARY ***
Total pot $1.16 | Rake $0.05 | Jackpot $0 | Bingo $0 | Fortune $0 | Tax $0
Board [Ad 9s Kd Ah Js]
Seat 3: 32d34f24 (big blind) showed [8h 2h] and lost with Pair of Aces
Seat 4: 6662df6 (button) folded before Flop (didn't bet)
Seat 6: Hero (small blind) showed [7d 9d] and won ($1.11) with Pair of Aces and Pair of Nines


Poker Hand #HD1733473110: Hold'em No Limit ($0.02/$0.05) - 2024/04/16 22:17:34
Table 'NLHBlue33' 6-max Seat #3 is the button
Seat 3: 32d34f24 ($5 in chips)
Seat 4: 6662df6 ($1.23 in chips)
Seat 6: Hero ($9.37 in chips)
6662df6: posts small blind $0.02
Hero: posts big blind $0.05
*** HOLE CARDS ***
Dealt to 32d34f24 
Dealt to 6662df6 
Dealt to Hero [Ah Jc]
32d34f24: raises $0.08 to $0.13
6662df6: folds
Hero: calls $0.08
*** FLOP *** [2c 3h 3d]
Hero: checks
32d34f24: checks
*** TURN *** [2c 3h 3d] [3s]
Hero: checks
32d34f24: checks
*** RIVER *** [2c 3h 3d 3s] [2s]
Hero: checks
32d34f24: checks
Hero: shows [Ah Jc] (Treys Full over Twos)
32d34f24: shows [4d 6d] (Treys Full over Twos)
*** SHOWDOWN ***
Hero collected $0.14 from pot
32d34f24 collected $0.14 from pot
*** SUMMARY ***
Total pot $0.28 | Rake $0 | Jackpot $0 | Bingo $0 | Fortune $0 | Tax $0
Board [2c 3h 3d 3s 2s]
Seat 3: 32d34f24 (button) showed [4d 6d] and won ($0.14) with Treys Full over Twos
Seat 4: 6662df6 (small blind) folded before Flop
Seat 6: Hero (big blind) showed [Ah Jc] and won ($0.14) with Treys Full over Twos


Poker Hand #HD1733473089: Hold'em No Limit ($0.02/$0.05) - 2024/04/16 22:17:27
Table 'NLHBlue33' 6-max Seat #6 is the button
Seat 3: 32d34f24 ($5.02 in chips)
Seat 4: 6662df6 ($1.21 in chips)
Seat 6: Hero ($9.37 in chips)
32d34f24: posts small blind $0.02
6662df6: posts big blind $0.05
*** HOLE CARDS ***
Dealt to 32d34f24 
Dealt to 6662df6 
Dealt to Hero [Js 3h]
Hero: folds
32d34f24: folds
Uncalled bet ($0.03) returned to 6662df6
*** SHOWDOWN ***
6662df6 collected $0.04 from pot
*** SUMMARY ***
Total pot $0.04 | Rake $0 | Jackpot $0 | Bingo $0 | Fortune $0 | Tax $0
Seat 3: 32d34f24 (small blind) folded before Flop
Seat 4: 6662df6 (big blind) collected ($0.04)
Seat 6: Hero (button) folded before Flop (didn't bet)


Poker Hand #HD1733473076: Hold'em No Limit ($0.02/$0.05) - 2024/04/16 22:17:21
Table 'NLHBlue33' 6-max Seat #4 is the button
Seat 3: 32d34f24 ($5 in chips)
Seat 4: 6662df6 ($1.21 in chips)
Seat 6: Hero ($9.39 in chips)
Hero: posts small blind $0.02
32d34f24: posts big blind $0.05
*** HOLE CARDS ***
Dealt to 32d34f24 
Dealt to 6662df6 
Dealt to Hero [Jc 3s]
6662df6: folds
Hero: folds
Uncalled bet ($0.03) returned to 32d34f24
*** SHOWDOWN ***
32d34f24 collected $0.04 from pot
*** SUMMARY ***
Total pot $0.04 | Rake $0 | Jackpot $0 | Bingo $0 | Fortune $0 | Tax $0
Seat 3: 32d34f24 (big blind) collected ($0.04)
Seat 4: 6662df6 (button) folded before Flop (didn't bet)
Seat 6: Hero (small blind) folded before Flop


Poker Hand #HD1733473058: Hold'em No Limit ($0.02/$0.05) - 2024/04/16 22:17:12
Table 'NLHBlue33' 6-max Seat #3 is the button
Seat 3: 32d34f24 ($5 in chips)
Seat 4: 6662df6 ($1.23 in chips)
Seat 6: Hero ($9.37 in chips)
6662df6: posts small blind $0.02
Hero: posts big blind $0.05
*** HOLE CARDS ***
Dealt to 32d34f24 
Dealt to 6662df6 
Dealt to Hero [9h Qc]
32d34f24: folds
6662df6: folds
Uncalled bet ($0.03) returned to Hero
*** SHOWDOWN ***
Hero collected $0.04 from pot
*** SUMMARY ***
Total pot $0.04 | Rake $0 | Jackpot $0 | Bingo $0 | Fortune $0 | Tax $0
Seat 3: 32d34f24 (button) folded before Flop (didn't bet)
Seat 4: 6662df6 (small blind) folded before Flop
Seat 6: Hero (big blind) collected ($0.04)


Poker Hand #HD1733473044: Hold'em No Limit ($0.02/$0.05) - 2024/04/16 22:17:06
Table 'NLHBlue33' 6-max Seat #6 is the button
Seat 3: 32d34f24 ($5 in chips)
Seat 4: 6662df6 ($1.21 in chips)
Seat 6: Hero ($9.37 in chips)
32d34f24: posts small blind $0.02
6662df6: posts big blind $0.05
*** HOLE CARDS ***
Dealt to 32d34f24 
Dealt to 6662df6 
Dealt to Hero [Qh 7d]
Hero: folds
32d34f24: folds
Uncalled bet ($0.03) returned to 6662df6
*** SHOWDOWN ***
6662df6 collected $0.04 from pot
*** SUMMARY ***
Total pot $0.04 | Rake $0 | Jackpot $0 | Bingo $0 | Fortune $0 | Tax $0
Seat 3: 32d34f24 (small blind) folded before Flop
Seat 4: 6662df6 (big blind) collected ($0.04)
Seat 6: Hero (button) folded before Flop (didn't bet)


Poker Hand #HD1733473028: Hold'em No Limit ($0.02/$0.05) - 2024/04/16 22:17:00
Table 'NLHBlue33' 6-max Seat #3 is the button
Seat 3: 32d34f24 ($5.02 in chips)
Seat 6: Hero ($9.35 in chips)
32d34f24: posts small blind $0.02
Hero: posts big blind $0.05
*** HOLE CARDS ***
Dealt to 32d34f24 
Dealt to Hero [9c 4d]
32d34f24: folds
Uncalled bet ($0.03) returned to Hero
*** SHOWDOWN ***
Hero collected $0.04 from pot
*** SUMMARY ***
Total pot $0.04 | Rake $0 | Jackpot $0 | Bingo $0 | Fortune $0 | Tax $0
Seat 3: 32d34f24 (small blind) folded before Flop
Seat 6: Hero (big blind) collected ($0.04)


Poker Hand #HD1733473020: Hold'em No Limit ($0.02/$0.05) - 2024/04/16 22:16:53
Table 'NLHBlue33' 6-max Seat #6 is the button
Seat 3: 32d34f24 ($5 in chips)
Seat 6: Hero ($9.37 in chips)
Hero: posts small blind $0.02
32d34f24: posts big blind $0.05
*** HOLE CARDS ***
Dealt to 32d34f24 
Dealt to Hero [5s Js]
Hero: folds
Uncalled bet ($0.03) returned to 32d34f24
*** SHOWDOWN ***
32d34f24 collected $0.04 from pot
*** SUMMARY ***
Total pot $0.04 | Rake $0 | Jackpot $0 | Bingo $0 | Fortune $0 | Tax $0
Seat 3: 32d34f24 (big blind) collected ($0.04)
Seat 6: Hero (small blind) folded before Flop


Poker Hand #HD1733473007: Hold'em No Limit ($0.02/$0.05) - 2024/04/16 22:16:47
Table 'NLHBlue33' 6-max Seat #3 is the button
Seat 3: 32d34f24 ($5 in chips)
Seat 6: Hero ($9.35 in chips)
32d34f24: posts small blind $0.02
Hero: posts big blind $0.05
*** HOLE CARDS ***
Dealt to 32d34f24 
Dealt to Hero [3c 6s]
32d34f24: folds
Uncalled bet ($0.03) returned to Hero
*** SHOWDOWN ***
Hero collected $0.04 from pot
*** SUMMARY ***
Total pot $0.04 | Rake $0 | Jackpot $0 | Bingo $0 | Fortune $0 | Tax $0
Seat 3: 32d34f24 (small blind) folded before Flop
Seat 6: Hero (big blind) collected ($0.04)


Poker Hand #HD1733472885: Hold'em No Limit ($0.02/$0.05) - 2024/04/16 22:15:48
Table 'NLHBlue33' 6-max Seat #6 is the button
Seat 3: 32d34f24 ($5 in chips)
Seat 4: 6662df6 ($1.07 in chips)
Seat 6: Hero ($9.35 in chips)
32d34f24: posts small blind $0.02
6662df6: posts big blind $0.05
*** HOLE CARDS ***
Dealt to 32d34f24 
Dealt to 6662df6 
Dealt to Hero [3h 8h]
Hero: folds
32d34f24: raises $0.1 to $0.15
6662df6: calls $0.1
*** FLOP *** [Qh 7d 6s]
32d34f24: checks
6662df6: checks
*** TURN *** [Qh 7d 6s] [Kd]
32d34f24: checks
6662df6: checks
*** RIVER *** [Qh 7d 6s Kd] [2h]
32d34f24: checks
6662df6: bets $0.36
32d34f24: folds
Uncalled bet ($0.36) returned to 6662df6
*** SHOWDOWN ***
6662df6 collected $0.29 from pot
*** SUMMARY ***
Total pot $0.3 | Rake $0.01 | Jackpot $0 | Bingo $0 | Fortune $0 | Tax $0
Board [Qh 7d 6s Kd 2h]
Seat 3: 32d34f24 (small blind) folded on the River
Seat 4: 6662df6 (big blind) won ($0.29)
Seat 6: Hero (button) folded before Flop (didn't bet)


Poker Hand #HD1733472872: Hold'em No Limit ($0.02/$0.05) - 2024/04/16 22:15:39
Table 'NLHBlue33' 6-max Seat #4 is the button
Seat 3: 32d34f24 ($5 in chips)
Seat 4: 6662df6 ($1 in chips)
Seat 6: Hero ($9.37 in chips)
Hero: posts small blind $0.02
32d34f24: posts big blind $0.05
*** HOLE CARDS ***
Dealt to 32d34f24 
Dealt to 6662df6 
Dealt to Hero [7c 8d]
6662df6: raises $0.08 to $0.13
Hero: folds
32d34f24: folds
Uncalled bet ($0.08) returned to 6662df6
*** SHOWDOWN ***
6662df6 collected $0.12 from pot
*** SUMMARY ***
Total pot $0.12 | Rake $0 | Jackpot $0 | Bingo $0 | Fortune $0 | Tax $0
Seat 3: 32d34f24 (big blind) folded before Flop
Seat 4: 6662df6 (button) collected ($0.12)
Seat 6: Hero (small blind) folded before Flop


Poker Hand #HD1733472804: Hold'em No Limit ($0.02/$0.05) - 2024/04/16 22:15:01
Table 'NLHBlue33' 6-max Seat #3 is the button
Seat 3: 32d34f24 ($5 in chips)
Seat 4: 6662df6 ($0.91 in chips)
Seat 6: Hero ($9.2 in chips)
6662df6: posts small blind $0.02
Hero: posts big blind $0.05
*** HOLE CARDS ***
Dealt to 32d34f24 
Dealt to 6662df6 
Dealt to Hero [Jc Ts]
32d34f24: folds
6662df6: raises $0.13 to $0.18
Hero: calls $0.13
*** FLOP *** [4h Kc 8h]
6662df6: checks
Hero: checks
*** TURN *** [4h Kc 8h] [9s]
6662df6: checks
Hero: bets $0.2
6662df6: folds
Uncalled bet ($0.2) returned to Hero
*** SHOWDOWN ***
Hero collected $0.35 from pot
*** SUMMARY ***
Total pot $0.36 | Rake $0.01 | Jackpot $0 | Bingo $0 | Fortune $0 | Tax $0
Board [4h Kc 8h 9s]
Seat 3: 32d34f24 (button) folded before Flop (didn't bet)
Seat 4: 6662df6 (small blind) folded on the Turn
Seat 6: Hero (big blind) won ($0.35)


Poker Hand #HD1733472730: Hold'em No Limit ($0.02/$0.05) - 2024/04/16 22:14:29
Table 'NLHBlue33' 6-max Seat #2 is the button
Seat 2: 618e3c9c ($7.96 in chips)
Seat 3: 32d34f24 ($5 in chips)
Seat 4: 6662df6 ($1.03 in chips)
Seat 6: Hero ($9.07 in chips)
32d34f24: posts small blind $0.02
6662df6: posts big blind $0.05
*** HOLE CARDS ***
Dealt to 618e3c9c 
Dealt to 32d34f24 
Dealt to 6662df6 
Dealt to Hero [As Ah]
Hero: raises $0.07 to $0.12
618e3c9c: folds
32d34f24: folds
6662df6: calls $0.07
*** FLOP *** [Ac 6c Kc]
6662df6: checks
Hero: bets $0.15
6662df6: folds
Uncalled bet ($0.15) returned to Hero
*** SHOWDOWN ***
Hero collected $0.25 from pot
*** SUMMARY ***
Total pot $0.26 | Rake $0.01 | Jackpot $0 | Bingo $0 | Fortune $0 | Tax $0
Board [Ac 6c Kc]
Seat 2: 618e3c9c (button) folded before Flop (didn't bet)
Seat 3: 32d34f24 (small blind) folded before Flop
Seat 4: 6662df6 (big blind) folded on the Flop
Seat 6: Hero won ($0.25)


Poker Hand #HD1733472707: Hold'em No Limit ($0.02/$0.05) - 2024/04/16 22:14:17
Table 'NLHBlue33' 6-max Seat #6 is the button
Seat 2: 618e3c9c ($7.98 in chips)
Seat 3: 32d34f24 ($5 in chips)
Seat 4: 6662df6 ($1.03 in chips)
Seat 6: Hero ($9 in chips)
618e3c9c: posts small blind $0.02
32d34f24: posts big blind $0.05
*** HOLE CARDS ***
Dealt to 618e3c9c 
Dealt to 32d34f24 
Dealt to 6662df6 
Dealt to Hero [Jc Qd]
6662df6: folds
Hero: raises $0.07 to $0.12
618e3c9c: folds
32d34f24: folds
Uncalled bet ($0.07) returned to Hero
*** SHOWDOWN ***
Hero collected $0.12 from pot
*** SUMMARY ***
Total pot $0.12 | Rake $0 | Jackpot $0 | Bingo $0 | Fortune $0 | Tax $0
Seat 2: 618e3c9c (small blind) folded before Flop
Seat 3: 32d34f24 (big blind) folded before Flop
Seat 4: 6662df6 folded before Flop (didn't bet)
Seat 6: Hero (button) collected ($0.12)


Poker Hand #HD1733472622: Hold'em No Limit ($0.02/$0.05) - 2024/04/16 22:13:30
Table 'NLHBlue33' 6-max Seat #4 is the button
Seat 2: 618e3c9c ($7.75 in chips)
Seat 3: 32d34f24 ($5 in chips)
Seat 4: 6662df6 ($1.03 in chips)
Seat 6: Hero ($9.25 in chips)
Hero: posts small blind $0.02
618e3c9c: posts big blind $0.05
*** HOLE CARDS ***
Dealt to 618e3c9c 
Dealt to 32d34f24 
Dealt to 6662df6 
Dealt to Hero [Ac 9d]
32d34f24: folds
6662df6: folds
Hero: raises $0.1 to $0.15
618e3c9c: calls $0.1
*** FLOP *** [3d 9h Ts]
Hero: checks
618e3c9c: checks
*** TURN *** [3d 9h Ts] [7c]
Hero: bets $0.1
618e3c9c: raises $0.38 to $0.48
Hero: folds
Uncalled bet ($0.38) returned to 618e3c9c
*** SHOWDOWN ***
618e3c9c collected $0.48 from pot
*** SUMMARY ***
Total pot $0.5 | Rake $0.02 | Jackpot $0 | Bingo $0 | Fortune $0 | Tax $0
Board [3d 9h Ts 7c]
Seat 2: 618e3c9c (big blind) won ($0.48)
Seat 3: 32d34f24 folded before Flop (didn't bet)
Seat 4: 6662df6 (button) folded before Flop (didn't bet)
Seat 6: Hero (small blind) folded on the Turn


Poker Hand #HD1733472598: Hold'em No Limit ($0.02/$0.05) - 2024/04/16 22:13:19
Table 'NLHBlue33' 6-max Seat #3 is the button
Seat 2: 618e3c9c ($7.75 in chips)
Seat 3: 32d34f24 ($5 in chips)
Seat 4: 6662df6 ($0.98 in chips)
Seat 6: Hero ($9.3 in chips)
6662df6: posts small blind $0.02
Hero: posts big blind $0.05
*** HOLE CARDS ***
Dealt to 618e3c9c 
Dealt to 32d34f24 
Dealt to 6662df6 
Dealt to Hero [4d 7h]
618e3c9c: folds
32d34f24: folds
6662df6: raises $0.08 to $0.13
Hero: folds
Uncalled bet ($0.08) returned to 6662df6
*** SHOWDOWN ***
6662df6 collected $0.1 from pot
*** SUMMARY ***
Total pot $0.1 | Rake $0 | Jackpot $0 | Bingo $0 | Fortune $0 | Tax $0
Seat 2: 618e3c9c folded before Flop (didn't bet)
Seat 3: 32d34f24 (button) folded before Flop (didn't bet)
Seat 4: 6662df6 (small blind) collected ($0.1)
Seat 6: Hero (big blind) folded before Flop


Poker Hand #HD1733472546: Hold'em No Limit ($0.02/$0.05) - 2024/04/16 22:12:47
Table 'NLHBlue33' 6-max Seat #2 is the button
Seat 1: 14a140bb ($2.9 in chips)
Seat 2: 618e3c9c ($7.75 in chips)
Seat 3: 32d34f24 ($5 in chips)
Seat 4: 6662df6 ($1.03 in chips)
Seat 5: ec69fd62 ($10.77 in chips)
Seat 6: Hero ($9.23 in chips)
32d34f24: posts small blind $0.02
6662df6: posts big blind $0.05
*** HOLE CARDS ***
Dealt to 14a140bb 
Dealt to 618e3c9c 
Dealt to 32d34f24 
Dealt to 6662df6 
Dealt to ec69fd62 
Dealt to Hero [5d Ad]
ec69fd62: folds
Hero: raises $0.05 to $0.1
14a140bb: folds
618e3c9c: folds
32d34f24: folds
6662df6: folds
Uncalled bet ($0.05) returned to Hero
*** SHOWDOWN ***
Hero collected $0.12 from pot
*** SUMMARY ***
Total pot $0.12 | Rake $0 | Jackpot $0 | Bingo $0 | Fortune $0 | Tax $0
Seat 1: 14a140bb folded before Flop (didn't bet)
Seat 2: 618e3c9c (button) folded before Flop (didn't bet)
Seat 3: 32d34f24 (small blind) folded before Flop
Seat 4: 6662df6 (big blind) folded before Flop
Seat 5: ec69fd62 folded before Flop (didn't bet)
Seat 6: Hero collected ($0.12)


Poker Hand #HD1733472344: Hold'em No Limit ($0.02/$0.05) - 2024/04/16 22:10:59
Table 'NLHBlue33' 6-max Seat #1 is the button
Seat 1: 14a140bb ($2.72 in chips)
Seat 2: 618e3c9c ($7.77 in chips)
Seat 3: 32d34f24 ($5 in chips)
Seat 4: 6662df6 ($1.03 in chips)
Seat 5: ec69fd62 ($10.77 in chips)
Seat 6: Hero ($9.23 in chips)
618e3c9c: posts small blind $0.02
32d34f24: posts big blind $0.05
*** HOLE CARDS ***
Dealt to 14a140bb 
Dealt to 618e3c9c 
Dealt to 32d34f24 
Dealt to 6662df6 
Dealt to ec69fd62 
Dealt to Hero [3d Ks]
6662df6: folds
ec69fd62: folds
Hero: folds
14a140bb: raises $0.12 to $0.17
618e3c9c: folds
32d34f24: calls $0.12
*** FLOP *** [5d 4c 4h]
32d34f24: checks
14a140bb: checks
*** TURN *** [5d 4c 4h] [Td]
32d34f24: checks
14a140bb: checks
*** RIVER *** [5d 4c 4h Td] [6c]
32d34f24: checks
14a140bb: checks
32d34f24: shows [8h 9h] (Pair of Fours)
14a140bb: shows [Ts As] (Pair of Tens and Pair of Fours)
*** SHOWDOWN ***
14a140bb collected $0.35 from pot
*** SUMMARY ***
Total pot $0.36 | Rake $0.01 | Jackpot $0 | Bingo $0 | Fortune $0 | Tax $0
Board [5d 4c 4h Td 6c]
Seat 1: 14a140bb (button) showed [Ts As] and won ($0.35) with Pair of Tens and Pair of Fours
Seat 2: 618e3c9c (small blind) folded before Flop
Seat 3: 32d34f24 (big blind) showed [8h 9h] and lost with Pair of Fours
Seat 4: 6662df6 folded before Flop (didn't bet)
Seat 5: ec69fd62 folded before Flop (didn't bet)
Seat 6: Hero folded before Flop (didn't bet)


Poker Hand #HD1733472307: Hold'em No Limit ($0.02/$0.05) - 2024/04/16 22:10:40
Table 'NLHBlue33' 6-max Seat #6 is the button
Seat 1: 14a140bb ($2.74 in chips)
Seat 2: 618e3c9c ($7.75 in chips)
Seat 3: 32d34f24 ($5 in chips)
Seat 4: 6662df6 ($1.03 in chips)
Seat 5: ec69fd62 ($10.77 in chips)
Seat 6: Hero ($9.23 in chips)
14a140bb: posts small blind $0.02
618e3c9c: posts big blind $0.05
*** HOLE CARDS ***
Dealt to 14a140bb 
Dealt to 618e3c9c 
Dealt to 32d34f24 
Dealt to 6662df6 
Dealt to ec69fd62 
Dealt to Hero [Jc 7h]
32d34f24: folds
6662df6: folds
ec69fd62: folds
Hero: folds
14a140bb: folds
Uncalled bet ($0.03) returned to 618e3c9c
*** SHOWDOWN ***
618e3c9c collected $0.04 from pot
*** SUMMARY ***
Total pot $0.04 | Rake $0 | Jackpot $0 | Bingo $0 | Fortune $0 | Tax $0
Seat 1: 14a140bb (small blind) folded before Flop
Seat 2: 618e3c9c (big blind) collected ($0.04)
Seat 3: 32d34f24 folded before Flop (didn't bet)
Seat 4: 6662df6 folded before Flop (didn't bet)
Seat 5: ec69fd62 folded before Flop (didn't bet)
Seat 6: Hero (button) folded before Flop (didn't bet)


Poker Hand #HD1733472235: Hold'em No Limit ($0.02/$0.05) - 2024/04/16 22:09:57
Table 'NLHBlue33' 6-max Seat #5 is the button
Seat 1: 14a140bb ($2.61 in chips)
Seat 2: 618e3c9c ($7.75 in chips)
Seat 3: 32d34f24 ($5 in chips)
Seat 4: 6662df6 ($1.03 in chips)
Seat 5: ec69fd62 ($10.89 in chips)
Seat 6: Hero ($9.25 in chips)
Hero: posts small blind $0.02
14a140bb: posts big blind $0.05
*** HOLE CARDS ***
Dealt to 14a140bb 
Dealt to 618e3c9c 
Dealt to 32d34f24 
Dealt to 6662df6 
Dealt to ec69fd62 
Dealt to Hero [5c Qh]
618e3c9c: folds
32d34f24: folds
6662df6: folds
ec69fd62: raises $0.07 to $0.12
Hero: folds
14a140bb: calls $0.07
*** FLOP *** [4s 8d Jc]
14a140bb: checks
ec69fd62: checks
*** TURN *** [4s 8d Jc] [4h]
14a140bb: bets $0.13
ec69fd62: folds
Uncalled bet ($0.13) returned to 14a140bb
*** SHOWDOWN ***
14a140bb collected $0.25 from pot
*** SUMMARY ***
Total pot $0.26 | Rake $0.01 | Jackpot $0 | Bingo $0 | Fortune $0 | Tax $0
Board [4s 8d Jc 4h]
Seat 1: 14a140bb (big blind) won ($0.25)
Seat 2: 618e3c9c folded before Flop (didn't bet)
Seat 3: 32d34f24 folded before Flop (didn't bet)
Seat 4: 6662df6 folded before Flop (didn't bet)
Seat 5: ec69fd62 (button) folded on the Turn
Seat 6: Hero (small blind) folded before Flop


Poker Hand #HD1733472215: Hold'em No Limit ($0.02/$0.05) - 2024/04/16 22:09:42
Table 'NLHBlue33' 6-max Seat #4 is the button
Seat 1: 14a140bb ($2.61 in chips)
Seat 2: 618e3c9c ($7.75 in chips)
Seat 3: 32d34f24 ($5 in chips)
Seat 4: 6662df6 ($1.03 in chips)
Seat 5: ec69fd62 ($10.91 in chips)
Seat 6: Hero ($9.23 in chips)
ec69fd62: posts small blind $0.02
Hero: posts big blind $0.05
*** HOLE CARDS ***
Dealt to 14a140bb 
Dealt to 618e3c9c 
Dealt to 32d34f24 
Dealt to 6662df6 
Dealt to ec69fd62 
Dealt to Hero [6s Kc]
14a140bb: folds
618e3c9c: folds
32d34f24: folds
6662df6: folds
ec69fd62: folds
Uncalled bet ($0.03) returned to Hero
*** SHOWDOWN ***
Hero collected $0.04 from pot
*** SUMMARY ***
Total pot $0.04 | Rake $0 | Jackpot $0 | Bingo $0 | Fortune $0 | Tax $0
Seat 1: 14a140bb folded before Flop (didn't bet)
Seat 2: 618e3c9c folded before Flop (didn't bet)
Seat 3: 32d34f24 folded before Flop (didn't bet)
Seat 4: 6662df6 (button) folded before Flop (didn't bet)
Seat 5: ec69fd62 (small blind) folded before Flop
Seat 6: Hero (big blind) collected ($0.04)


Poker Hand #HD1733472174: Hold'em No Limit ($0.02/$0.05) - 2024/04/16 22:09:23
Table 'NLHBlue33' 6-max Seat #3 is the button
Seat 1: 14a140bb ($2.54 in chips)
Seat 2: 618e3c9c ($7.75 in chips)
Seat 3: 32d34f24 ($5 in chips)
Seat 4: 6662df6 ($1.05 in chips)
Seat 5: ec69fd62 ($10.96 in chips)
Seat 6: Hero ($9.23 in chips)
6662df6: posts small blind $0.02
ec69fd62: posts big blind $0.05
*** HOLE CARDS ***
Dealt to 14a140bb 
Dealt to 618e3c9c 
Dealt to 32d34f24 
Dealt to 6662df6 
Dealt to ec69fd62 
Dealt to Hero [7d Kc]
Hero: folds
14a140bb: raises $0.15 to $0.2
618e3c9c: folds
32d34f24: folds
6662df6: folds
ec69fd62: folds
Uncalled bet ($0.15) returned to 14a140bb
*** SHOWDOWN ***
14a140bb collected $0.12 from pot
*** SUMMARY ***
Total pot $0.12 | Rake $0 | Jackpot $0 | Bingo $0 | Fortune $0 | Tax $0
Seat 1: 14a140bb collected ($0.12)
Seat 2: 618e3c9c folded before Flop (didn't bet)
Seat 3: 32d34f24 (button) folded before Flop (didn't bet)
Seat 4: 6662df6 (small blind) folded before Flop
Seat 5: ec69fd62 (big blind) folded before Flop
Seat 6: Hero folded before Flop (didn't bet)


Poker Hand #HD1733472125: Hold'em No Limit ($0.02/$0.05) - 2024/04/16 22:08:56
Table 'NLHBlue33' 6-max Seat #2 is the button
Seat 2: 618e3c9c ($7.68 in chips)
Seat 3: 32d34f24 ($5 in chips)
Seat 4: 6662df6 ($1.1 in chips)
Seat 5: ec69fd62 ($10.96 in chips)
Seat 6: Hero ($9.23 in chips)
32d34f24: posts small blind $0.02
6662df6: posts big blind $0.05
*** HOLE CARDS ***
Dealt to 618e3c9c 
Dealt to 32d34f24 
Dealt to 6662df6 
Dealt to ec69fd62 
Dealt to Hero [Qd 2c]
ec69fd62: folds
Hero: folds
618e3c9c: raises $0.1 to $0.15
32d34f24: folds
6662df6: folds
Uncalled bet ($0.1) returned to 618e3c9c
*** SHOWDOWN ***
618e3c9c collected $0.12 from pot
*** SUMMARY ***
Total pot $0.12 | Rake $0 | Jackpot $0 | Bingo $0 | Fortune $0 | Tax $0
Seat 2: 618e3c9c (button) collected ($0.12)
Seat 3: 32d34f24 (small blind) folded before Flop
Seat 4: 6662df6 (big blind) folded before Flop
Seat 5: ec69fd62 folded before Flop (didn't bet)
Seat 6: Hero folded before Flop (didn't bet)


Poker Hand #HD1733472051: Hold'em No Limit ($0.02/$0.05) - 2024/04/16 22:08:15
Table 'NLHBlue33' 6-max Seat #6 is the button
Seat 1: 14a140bb ($2.56 in chips)
Seat 2: 618e3c9c ($7.66 in chips)
Seat 3: 32d34f24 ($5 in chips)
Seat 4: 6662df6 ($1.1 in chips)
Seat 5: ec69fd62 ($10.96 in chips)
Seat 6: Hero ($9.23 in chips)
14a140bb: posts small blind $0.02
618e3c9c: posts big blind $0.05
*** HOLE CARDS ***
Dealt to 14a140bb 
Dealt to 618e3c9c 
Dealt to 32d34f24 
Dealt to 6662df6 
Dealt to ec69fd62 
Dealt to Hero [9h Td]
32d34f24: folds
6662df6: folds
ec69fd62: folds
Hero: folds
14a140bb: folds
Uncalled bet ($0.03) returned to 618e3c9c
*** SHOWDOWN ***
618e3c9c collected $0.04 from pot
*** SUMMARY ***
Total pot $0.04 | Rake $0 | Jackpot $0 | Bingo $0 | Fortune $0 | Tax $0
Seat 1: 14a140bb (small blind) folded before Flop
Seat 2: 618e3c9c (big blind) collected ($0.04)
Seat 3: 32d34f24 folded before Flop (didn't bet)
Seat 4: 6662df6 folded before Flop (didn't bet)
Seat 5: ec69fd62 folded before Flop (didn't bet)
Seat 6: Hero (button) folded before Flop (didn't bet)


Poker Hand #HD1733472019: Hold'em No Limit ($0.02/$0.05) - 2024/04/16 22:08:02
Table 'NLHBlue33' 6-max Seat #5 is the button
Seat 1: 14a140bb ($2.54 in chips)
Seat 2: 618e3c9c ($7.66 in chips)
Seat 3: 32d34f24 ($5 in chips)
Seat 4: 6662df6 ($1.1 in chips)
Seat 5: ec69fd62 ($10.96 in chips)
Seat 6: Hero ($9.25 in chips)
Hero: posts small blind $0.02
14a140bb: posts big blind $0.05
*** HOLE CARDS ***
Dealt to 14a140bb 
Dealt to 618e3c9c 
Dealt to 32d34f24 
Dealt to 6662df6 
Dealt to ec69fd62 
Dealt to Hero [2c Ks]
618e3c9c: folds
32d34f24: folds
6662df6: folds
ec69fd62: folds
Hero: folds
Uncalled bet ($0.03) returned to 14a140bb
*** SHOWDOWN ***
14a140bb collected $0.04 from pot
*** SUMMARY ***
Total pot $0.04 | Rake $0 | Jackpot $0 | Bingo $0 | Fortune $0 | Tax $0
Seat 1: 14a140bb (big blind) collected ($0.04)
Seat 2: 618e3c9c folded before Flop (didn't bet)
Seat 3: 32d34f24 folded before Flop (didn't bet)
Seat 4: 6662df6 folded before Flop (didn't bet)
Seat 5: ec69fd62 (button) folded before Flop (didn't bet)
Seat 6: Hero (small blind) folded before Flop


Poker Hand #HD1733471974: Hold'em No Limit ($0.02/$0.05) - 2024/04/16 22:07:37
Table 'NLHBlue33' 6-max Seat #4 is the button
Seat 1: 14a140bb ($2.54 in chips)
Seat 2: 618e3c9c ($7.66 in chips)
Seat 3: 32d34f24 ($5 in chips)
Seat 4: 6662df6 ($1.1 in chips)
Seat 5: ec69fd62 ($10.91 in chips)
Seat 6: Hero ($9.3 in chips)
ec69fd62: posts small blind $0.02
Hero: posts big blind $0.05
*** HOLE CARDS ***
Dealt to 14a140bb 
Dealt to 618e3c9c 
Dealt to 32d34f24 
Dealt to 6662df6 
Dealt to ec69fd62 
Dealt to Hero [5s 8h]
14a140bb: folds
618e3c9c: folds
32d34f24: folds
6662df6: folds
ec69fd62: raises $0.07 to $0.12
Hero: folds
Uncalled bet ($0.07) returned to ec69fd62
*** SHOWDOWN ***
ec69fd62 collected $0.1 from pot
*** SUMMARY ***
Total pot $0.1 | Rake $0 | Jackpot $0 | Bingo $0 | Fortune $0 | Tax $0
Seat 1: 14a140bb folded before Flop (didn't bet)
Seat 2: 618e3c9c folded before Flop (didn't bet)
Seat 3: 32d34f24 folded before Flop (didn't bet)
Seat 4: 6662df6 (button) folded before Flop (didn't bet)
Seat 5: ec69fd62 (small blind) collected ($0.1)
Seat 6: Hero (big blind) folded before Flop


Poker Hand #HD1733471809: Hold'em No Limit ($0.02/$0.05) - 2024/04/16 22:06:13
Table 'NLHBlue33' 6-max Seat #3 is the button
Seat 1: 14a140bb ($2.64 in chips)
Seat 2: 618e3c9c ($7.66 in chips)
Seat 3: 32d34f24 ($5 in chips)
Seat 4: 6662df6 ($1.12 in chips)
Seat 5: ec69fd62 ($11.01 in chips)
Seat 6: Hero ($9.09 in chips)
6662df6: posts small blind $0.02
ec69fd62: posts big blind $0.05
*** HOLE CARDS ***
Dealt to 14a140bb 
Dealt to 618e3c9c 
Dealt to 32d34f24 
Dealt to 6662df6 
Dealt to ec69fd62 
Dealt to Hero [Ad 5d]
Hero: raises $0.05 to $0.1
14a140bb: calls $0.1
618e3c9c: folds
32d34f24: folds
6662df6: folds
ec69fd62: calls $0.05
*** FLOP *** [Tc Ts 9s]
ec69fd62: checks
Hero: checks
14a140bb: checks
*** TURN *** [Tc Ts 9s] [5c]
ec69fd62: checks
Hero: checks
14a140bb: checks
*** RIVER *** [Tc Ts 9s 5c] [Ah]
ec69fd62: checks
Hero: checks
14a140bb: checks
ec69fd62: shows [2s 8s] (Pair of Tens)
Hero: shows [Ad 5d] (Pair of Aces and Pair of Tens)
14a140bb: shows [Qd 7d] (Pair of Tens)
*** SHOWDOWN ***
Hero collected $0.31 from pot
*** SUMMARY ***
Total pot $0.32 | Rake $0.01 | Jackpot $0 | Bingo $0 | Fortune $0 | Tax $0
Board [Tc Ts 9s 5c Ah]
Seat 1: 14a140bb showed [Qd 7d] and lost with Pair of Tens
Seat 2: 618e3c9c folded before Flop (didn't bet)
Seat 3: 32d34f24 (button) folded before Flop (didn't bet)
Seat 4: 6662df6 (small blind) folded before Flop
Seat 5: ec69fd62 (big blind) showed [2s 8s] and lost with Pair of Tens
Seat 6: Hero showed [Ad 5d] and won ($0.31) with Pair of Aces and Pair of Tens


Poker Hand #HD1733471684: Hold'em No Limit ($0.02/$0.05) - 2024/04/16 22:05:11
Table 'NLHBlue33' 6-max Seat #2 is the button
Seat 1: 14a140bb ($2.64 in chips)
Seat 2: 618e3c9c ($7.86 in chips)
Seat 3: 32d34f24 ($5 in chips)
Seat 4: 6662df6 ($0.92 in chips)
Seat 5: ec69fd62 ($11.01 in chips)
Seat 6: Hero ($9.09 in chips)
32d34f24: posts small blind $0.02
6662df6: posts big blind $0.05
*** HOLE CARDS ***
Dealt to 14a140bb 
Dealt to 618e3c9c 
Dealt to 32d34f24 
Dealt to 6662df6 
Dealt to ec69fd62 
Dealt to Hero [4c Qs]
ec69fd62: folds
Hero: folds
14a140bb: folds
618e3c9c: raises $0.1 to $0.15
32d34f24: folds
6662df6: calls $0.1
*** FLOP *** [6h 4h 9d]
6662df6: checks
618e3c9c: bets $0.05
6662df6: calls $0.05
*** TURN *** [6h 4h 9d] [9c]
6662df6: checks
618e3c9c: checks
*** RIVER *** [6h 4h 9d 9c] [7c]
6662df6: bets $0.23
618e3c9c: folds
Uncalled bet ($0.23) returned to 6662df6
*** SHOWDOWN ***
6662df6 collected $0.4 from pot
*** SUMMARY ***
Total pot $0.42 | Rake $0.02 | Jackpot $0 | Bingo $0 | Fortune $0 | Tax $0
Board [6h 4h 9d 9c 7c]
Seat 1: 14a140bb folded before Flop (didn't bet)
Seat 2: 618e3c9c (button) folded on the River
Seat 3: 32d34f24 (small blind) folded before Flop
Seat 4: 6662df6 (big blind) won ($0.4)
Seat 5: ec69fd62 folded before Flop (didn't bet)
Seat 6: Hero folded before Flop (didn't bet)


Poker Hand #HD1733471643: Hold'em No Limit ($0.02/$0.05) - 2024/04/16 22:04:53
Table 'NLHBlue33' 6-max Seat #1 is the button
Seat 1: 14a140bb ($2.57 in chips)
Seat 2: 618e3c9c ($7.88 in chips)
Seat 3: 32d34f24 ($5 in chips)
Seat 4: 6662df6 ($0.92 in chips)
Seat 5: ec69fd62 ($11.01 in chips)
Seat 6: Hero ($9.09 in chips)
618e3c9c: posts small blind $0.02
32d34f24: posts big blind $0.05
*** HOLE CARDS ***
Dealt to 14a140bb 
Dealt to 618e3c9c 
Dealt to 32d34f24 
Dealt to 6662df6 
Dealt to ec69fd62 
Dealt to Hero [Qh 6h]
6662df6: folds
ec69fd62: folds
Hero: folds
14a140bb: raises $0.15 to $0.2
618e3c9c: folds
32d34f24: folds
Uncalled bet ($0.15) returned to 14a140bb
*** SHOWDOWN ***
14a140bb collected $0.12 from pot
*** SUMMARY ***
Total pot $0.12 | Rake $0 | Jackpot $0 | Bingo $0 | Fortune $0 | Tax $0
Seat 1: 14a140bb (button) collected ($0.12)
Seat 2: 618e3c9c (small blind) folded before Flop
Seat 3: 32d34f24 (big blind) folded before Flop
Seat 4: 6662df6 folded before Flop (didn't bet)
Seat 5: ec69fd62 folded before Flop (didn't bet)
Seat 6: Hero folded before Flop (didn't bet)


Poker Hand #HD1733471579: Hold'em No Limit ($0.02/$0.05) - 2024/04/16 22:04:20
Table 'NLHBlue33' 6-max Seat #6 is the button
Seat 1: 14a140bb ($2.59 in chips)
Seat 2: 618e3c9c ($7.75 in chips)
Seat 4: 6662df6 ($0.92 in chips)
Seat 5: ec69fd62 ($11.01 in chips)
Seat 6: Hero ($9.21 in chips)
14a140bb: posts small blind $0.02
618e3c9c: posts big blind $0.05
*** HOLE CARDS ***
Dealt to 14a140bb 
Dealt to 618e3c9c 
Dealt to 6662df6 
Dealt to ec69fd62 
Dealt to Hero [9c Kc]
6662df6: folds
ec69fd62: folds
Hero: raises $0.07 to $0.12
14a140bb: folds
618e3c9c: raises $0.48 to $0.6
Hero: folds
Uncalled bet ($0.48) returned to 618e3c9c
*** SHOWDOWN ***
618e3c9c collected $0.25 from pot
*** SUMMARY ***
Total pot $0.26 | Rake $0.01 | Jackpot $0 | Bingo $0 | Fortune $0 | Tax $0
Seat 1: 14a140bb (small blind) folded before Flop
Seat 2: 618e3c9c (big blind) collected ($0.25)
Seat 4: 6662df6 folded before Flop (didn't bet)
Seat 5: ec69fd62 folded before Flop (didn't bet)
Seat 6: Hero (button) folded before Flop


Poker Hand #HD1733471495: Hold'em No Limit ($0.02/$0.05) - 2024/04/16 22:03:40
Table 'NLHBlue33' 6-max Seat #5 is the button
Seat 1: 14a140bb ($2.45 in chips)
Seat 2: 618e3c9c ($7.75 in chips)
Seat 4: 6662df6 ($0.92 in chips)
Seat 5: ec69fd62 ($11.01 in chips)
Seat 6: Hero ($9.36 in chips)
Hero: posts small blind $0.02
14a140bb: posts big blind $0.05
*** HOLE CARDS ***
Dealt to 14a140bb 
Dealt to 618e3c9c 
Dealt to 6662df6 
Dealt to ec69fd62 
Dealt to Hero [Td Jh]
618e3c9c: folds
6662df6: folds
ec69fd62: folds
Hero: raises $0.1 to $0.15
14a140bb: calls $0.1
*** FLOP *** [4c 3s 7c]
Hero: checks
14a140bb: checks
*** TURN *** [4c 3s 7c] [6h]
Hero: checks
14a140bb: bets $0.23
Hero: folds
Uncalled bet ($0.23) returned to 14a140bb
*** SHOWDOWN ***
14a140bb collected $0.29 from pot
*** SUMMARY ***
Total pot $0.3 | Rake $0.01 | Jackpot $0 | Bingo $0 | Fortune $0 | Tax $0
Board [4c 3s 7c 6h]
Seat 1: 14a140bb (big blind) won ($0.29)
Seat 2: 618e3c9c folded before Flop (didn't bet)
Seat 4: 6662df6 folded before Flop (didn't bet)
Seat 5: ec69fd62 (button) folded before Flop (didn't bet)
Seat 6: Hero (small blind) folded on the Turn


Poker Hand #HD1733471367: Hold'em No Limit ($0.02/$0.05) - 2024/04/16 22:02:39
Table 'NLHBlue33' 6-max Seat #4 is the button
Seat 1: 14a140bb ($4.37 in chips)
Seat 2: 618e3c9c ($7.75 in chips)
Seat 4: 6662df6 ($1.12 in chips)
Seat 5: ec69fd62 ($9.09 in chips)
Seat 6: Hero ($9.41 in chips)
ec69fd62: posts small blind $0.02
Hero: posts big blind $0.05
*** HOLE CARDS ***
Dealt to 14a140bb 
Dealt to 618e3c9c 
Dealt to 6662df6 
Dealt to ec69fd62 
Dealt to Hero [3c 5d]
14a140bb: raises $0.15 to $0.2
618e3c9c: folds
6662df6: calls $0.2
ec69fd62: calls $0.18
Hero: folds
*** FLOP *** [7c 6c 3d]
ec69fd62: checks
14a140bb: bets $0.49
6662df6: folds
ec69fd62: calls $0.49
*** TURN *** [7c 6c 3d] [Ah]
ec69fd62: checks
14a140bb: bets $1.23
ec69fd62: calls $1.23
*** RIVER *** [7c 6c 3d Ah] [Kd]
ec69fd62: bets $3.07
14a140bb: folds
Uncalled bet ($3.07) returned to ec69fd62
*** SHOWDOWN ***
ec69fd62 collected $3.84 from pot
*** SUMMARY ***
Total pot $4.09 | Rake $0.2 | Jackpot $0.05 | Bingo $0 | Fortune $0 | Tax $0
Board [7c 6c 3d Ah Kd]
Seat 1: 14a140bb folded on the River
Seat 2: 618e3c9c folded before Flop (didn't bet)
Seat 4: 6662df6 (button) folded on the Flop
Seat 5: ec69fd62 (small blind) won ($3.84)
Seat 6: Hero (big blind) folded before Flop


Poker Hand #HD1733471247: Hold'em No Limit ($0.02/$0.05) - 2024/04/16 22:01:47
Table 'NLHBlue33' 6-max Seat #2 is the button
Seat 1: 14a140bb ($4.37 in chips)
Seat 2: 618e3c9c ($7.64 in chips)
Seat 4: 6662df6 ($1.14 in chips)
Seat 5: ec69fd62 ($9.19 in chips)
Seat 6: Hero ($9.41 in chips)
6662df6: posts small blind $0.02
ec69fd62: posts big blind $0.05
*** HOLE CARDS ***
Dealt to 14a140bb 
Dealt to 618e3c9c 
Dealt to 6662df6 
Dealt to ec69fd62 
Dealt to Hero [8c 3d]
Hero: folds
14a140bb: folds
618e3c9c: raises $0.05 to $0.1
6662df6: folds
ec69fd62: calls $0.05
*** FLOP *** [9h 9d 3c]
ec69fd62: checks
618e3c9c: checks
*** TURN *** [9h 9d 3c] [Ts]
ec69fd62: checks
618e3c9c: checks
*** RIVER *** [9h 9d 3c Ts] [Jd]
ec69fd62: checks
618e3c9c: checks
ec69fd62: shows [8h 4h] (Pair of Nines)
618e3c9c: shows [Ah 8s] (Pair of Nines)
*** SHOWDOWN ***
618e3c9c collected $0.21 from pot
*** SUMMARY ***
Total pot $0.22 | Rake $0.01 | Jackpot $0 | Bingo $0 | Fortune $0 | Tax $0
Board [9h 9d 3c Ts Jd]
Seat 1: 14a140bb folded before Flop (didn't bet)
Seat 2: 618e3c9c (button) showed [Ah 8s] and won ($0.21) with Pair of Nines
Seat 4: 6662df6 (small blind) folded before Flop
Seat 5: ec69fd62 (big blind) showed [8h 4h] and lost with Pair of Nines
Seat 6: Hero folded before Flop (didn't bet)


Poker Hand #HD1733471207: Hold'em No Limit ($0.02/$0.05) - 2024/04/16 22:01:26
Table 'NLHBlue33' 6-max Seat #1 is the button
Seat 1: 14a140bb ($4.37 in chips)
Seat 2: 618e3c9c ($7.59 in chips)
Seat 4: 6662df6 ($1.19 in chips)
Seat 5: ec69fd62 ($9.19 in chips)
Seat 6: Hero ($9.41 in chips)
618e3c9c: posts small blind $0.02
6662df6: posts big blind $0.05
*** HOLE CARDS ***
Dealt to 14a140bb 
Dealt to 618e3c9c 
Dealt to 6662df6 
Dealt to ec69fd62 
Dealt to Hero [4d 5c]
ec69fd62: folds
Hero: folds
14a140bb: folds
618e3c9c: raises $0.1 to $0.15
6662df6: folds
Uncalled bet ($0.1) returned to 618e3c9c
*** SHOWDOWN ***
618e3c9c collected $0.1 from pot
*** SUMMARY ***
Total pot $0.1 | Rake $0 | Jackpot $0 | Bingo $0 | Fortune $0 | Tax $0
Seat 1: 14a140bb (button) folded before Flop (didn't bet)
Seat 2: 618e3c9c (small blind) collected ($0.1)
Seat 4: 6662df6 (big blind) folded before Flop
Seat 5: ec69fd62 folded before Flop (didn't bet)
Seat 6: Hero folded before Flop (didn't bet)


Poker Hand #HD1733471164: Hold'em No Limit ($0.02/$0.05) - 2024/04/16 22:01:08
Table 'NLHBlue33' 6-max Seat #6 is the button
Seat 1: 14a140bb ($4.39 in chips)
Seat 2: 618e3c9c ($7.57 in chips)
Seat 4: 6662df6 ($1.19 in chips)
Seat 5: ec69fd62 ($9.19 in chips)
Seat 6: Hero ($9.41 in chips)
14a140bb: posts small blind $0.02
618e3c9c: posts big blind $0.05
*** HOLE CARDS ***
Dealt to 14a140bb 
Dealt to 618e3c9c 
Dealt to 6662df6 
Dealt to ec69fd62 
Dealt to Hero [2s 5d]
6662df6: folds
ec69fd62: folds
Hero: folds
14a140bb: folds
Uncalled bet ($0.03) returned to 618e3c9c
*** SHOWDOWN ***
618e3c9c collected $0.04 from pot
*** SUMMARY ***
Total pot $0.04 | Rake $0 | Jackpot $0 | Bingo $0 | Fortune $0 | Tax $0
Seat 1: 14a140bb (small blind) folded before Flop
Seat 2: 618e3c9c (big blind) collected ($0.04)
Seat 4: 6662df6 folded before Flop (didn't bet)
Seat 5: ec69fd62 folded before Flop (didn't bet)
Seat 6: Hero (button) folded before Flop (didn't bet)


Poker Hand #HD1733471121: Hold'em No Limit ($0.02/$0.05) - 2024/04/16 22:00:50
Table 'NLHBlue33' 6-max Seat #5 is the button
Seat 1: 14a140bb ($4.44 in chips)
Seat 2: 618e3c9c ($7.57 in chips)
Seat 4: 6662df6 ($1.12 in chips)
Seat 5: ec69fd62 ($9.19 in chips)
Seat 6: Hero ($9.43 in chips)
Hero: posts small blind $0.02
14a140bb: posts big blind $0.05
*** HOLE CARDS ***
Dealt to 14a140bb 
Dealt to 618e3c9c 
Dealt to 6662df6 
Dealt to ec69fd62 
Dealt to Hero [3d 4h]
618e3c9c: folds
6662df6: raises $0.08 to $0.13
ec69fd62: folds
Hero: folds
14a140bb: folds
Uncalled bet ($0.08) returned to 6662df6
*** SHOWDOWN ***
6662df6 collected $0.12 from pot
*** SUMMARY ***
Total pot $0.12 | Rake $0 | Jackpot $0 | Bingo $0 | Fortune $0 | Tax $0
Seat 1: 14a140bb (big blind) folded before Flop
Seat 2: 618e3c9c folded before Flop (didn't bet)
Seat 4: 6662df6 collected ($0.12)
Seat 5: ec69fd62 (button) folded before Flop (didn't bet)
Seat 6: Hero (small blind) folded before Flop


Poker Hand #HD1733471085: Hold'em No Limit ($0.02/$0.05) - 2024/04/16 22:00:32
Table 'NLHBlue33' 6-max Seat #4 is the button
Seat 1: 14a140bb ($4.44 in chips)
Seat 2: 618e3c9c ($7.57 in chips)
Seat 4: 6662df6 ($1.12 in chips)
Seat 5: ec69fd62 ($9.14 in chips)
Seat 6: Hero ($9.48 in chips)
ec69fd62: posts small blind $0.02
Hero: posts big blind $0.05
*** HOLE CARDS ***
Dealt to 14a140bb 
Dealt to 618e3c9c 
Dealt to 6662df6 
Dealt to ec69fd62 
Dealt to Hero [5d 6s]
14a140bb: folds
618e3c9c: folds
6662df6: folds
ec69fd62: raises $0.07 to $0.12
Hero: folds
Uncalled bet ($0.07) returned to ec69fd62
*** SHOWDOWN ***
ec69fd62 collected $0.1 from pot
*** SUMMARY ***
Total pot $0.1 | Rake $0 | Jackpot $0 | Bingo $0 | Fortune $0 | Tax $0
Seat 1: 14a140bb folded before Flop (didn't bet)
Seat 2: 618e3c9c folded before Flop (didn't bet)
Seat 4: 6662df6 (button) folded before Flop (didn't bet)
Seat 5: ec69fd62 (small blind) collected ($0.1)
Seat 6: Hero (big blind) folded before Flop


Poker Hand #HD1733470966: Hold'em No Limit ($0.02/$0.05) - 2024/04/16 21:59:38
Table 'NLHBlue33' 6-max Seat #2 is the button
Seat 1: 14a140bb ($4.54 in chips)
Seat 2: 618e3c9c ($7.31 in chips)
Seat 4: 6662df6 ($1.14 in chips)
Seat 5: ec69fd62 ($9.19 in chips)
Seat 6: Hero ($9.58 in chips)
6662df6: posts small blind $0.02
ec69fd62: posts big blind $0.05
*** HOLE CARDS ***
Dealt to 14a140bb 
Dealt to 618e3c9c 
Dealt to 6662df6 
Dealt to ec69fd62 
Dealt to Hero [9h Jh]
Hero: raises $0.05 to $0.1
14a140bb: calls $0.1
618e3c9c: raises $0.35 to $0.45
6662df6: folds
ec69fd62: folds
Hero: folds
14a140bb: folds
Uncalled bet ($0.35) returned to 618e3c9c
*** SHOWDOWN ***
618e3c9c collected $0.36 from pot
*** SUMMARY ***
Total pot $0.37 | Rake $0.01 | Jackpot $0 | Bingo $0 | Fortune $0 | Tax $0
Seat 1: 14a140bb folded before Flop
Seat 2: 618e3c9c (button) collected ($0.36)
Seat 4: 6662df6 (small blind) folded before Flop
Seat 5: ec69fd62 (big blind) folded before Flop
Seat 6: Hero folded before Flop


Poker Hand #HD1733470861: Hold'em No Limit ($0.02/$0.05) - 2024/04/16 21:58:54
Table 'NLHBlue33' 6-max Seat #1 is the button
Seat 1: 14a140bb ($4.54 in chips)
Seat 2: 618e3c9c ($7.26 in chips)
Seat 4: 6662df6 ($1.19 in chips)
Seat 5: ec69fd62 ($9.19 in chips)
Seat 6: Hero ($9.58 in chips)
618e3c9c: posts small blind $0.02
6662df6: posts big blind $0.05
*** HOLE CARDS ***
Dealt to 14a140bb 
Dealt to 618e3c9c 
Dealt to 6662df6 
Dealt to ec69fd62 
Dealt to Hero [3c Kh]
ec69fd62: folds
Hero: folds
14a140bb: folds
618e3c9c: raises $0.1 to $0.15
6662df6: folds
Uncalled bet ($0.1) returned to 618e3c9c
*** SHOWDOWN ***
618e3c9c collected $0.1 from pot
*** SUMMARY ***
Total pot $0.1 | Rake $0 | Jackpot $0 | Bingo $0 | Fortune $0 | Tax $0
Seat 1: 14a140bb (button) folded before Flop (didn't bet)
Seat 2: 618e3c9c (small blind) collected ($0.1)
Seat 4: 6662df6 (big blind) folded before Flop
Seat 5: ec69fd62 folded before Flop (didn't bet)
Seat 6: Hero folded before Flop (didn't bet)


Poker Hand #HD1733470736: Hold'em No Limit ($0.02/$0.05) - 2024/04/16 21:57:53
Table 'NLHBlue33' 6-max Seat #6 is the button
Seat 1: 14a140bb ($5.14 in chips)
Seat 2: 618e3c9c ($7.38 in chips)
Seat 4: 6662df6 ($1.19 in chips)
Seat 5: ec69fd62 ($9.19 in chips)
Seat 6: Hero ($8.92 in chips)
14a140bb: posts small blind $0.02
618e3c9c: posts big blind $0.05
*** HOLE CARDS ***
Dealt to 14a140bb 
Dealt to 618e3c9c 
Dealt to 6662df6 
Dealt to ec69fd62 
Dealt to Hero [9s 9c]
6662df6: folds
ec69fd62: folds
Hero: raises $0.07 to $0.12
14a140bb: calls $0.1
618e3c9c: calls $0.07
*** FLOP *** [8s 6d 8h]
14a140bb: checks
618e3c9c: checks
Hero: bets $0.15
14a140bb: calls $0.15
618e3c9c: folds
*** TURN *** [8s 6d 8h] [6s]
14a140bb: checks
Hero: checks
*** RIVER *** [8s 6d 8h 6s] [5c]
14a140bb: bets $0.33
Hero: calls $0.33
14a140bb: shows [7d 7c] (Pair of Eights and Pair of Sevens)
Hero: shows [9s 9c] (Pair of Nines and Pair of Eights)
*** SHOWDOWN ***
Hero collected $1.26 from pot
*** SUMMARY ***
Total pot $1.32 | Rake $0.06 | Jackpot $0 | Bingo $0 | Fortune $0 | Tax $0
Board [8s 6d 8h 6s 5c]
Seat 1: 14a140bb (small blind) showed [7d 7c] and lost with Pair of Eights and Pair of Sevens
Seat 2: 618e3c9c (big blind) folded on the Flop
Seat 4: 6662df6 folded before Flop (didn't bet)
Seat 5: ec69fd62 folded before Flop (didn't bet)
Seat 6: Hero (button) showed [9s 9c] and won ($1.26) with Pair of Nines and Pair of Eights


Poker Hand #HD1733470624: Hold'em No Limit ($0.02/$0.05) - 2024/04/16 21:56:58
Table 'NLHBlue33' 6-max Seat #5 is the button
Seat 1: 14a140bb ($5 in chips)
Seat 2: 618e3c9c ($7.38 in chips)
Seat 4: 6662df6 ($1.32 in chips)
Seat 5: ec69fd62 ($9.19 in chips)
Seat 6: Hero ($8.94 in chips)
Hero: posts small blind $0.02
14a140bb: posts big blind $0.05
*** HOLE CARDS ***
Dealt to 14a140bb 
Dealt to 618e3c9c 
Dealt to 6662df6 
Dealt to ec69fd62 
Dealt to Hero [7h 5s]
618e3c9c: folds
6662df6: raises $0.08 to $0.13
ec69fd62: folds
Hero: folds
14a140bb: calls $0.08
*** FLOP *** [Qh Ts 3s]
14a140bb: checks
6662df6: checks
*** TURN *** [Qh Ts 3s] [Qc]
14a140bb: checks
6662df6: checks
*** RIVER *** [Qh Ts 3s Qc] [9c]
14a140bb: checks
6662df6: checks
14a140bb: shows [Ac 7c] (Pair of Queens)
6662df6: shows [6h 5h] (Pair of Queens)
*** SHOWDOWN ***
14a140bb collected $0.27 from pot
*** SUMMARY ***
Total pot $0.28 | Rake $0.01 | Jackpot $0 | Bingo $0 | Fortune $0 | Tax $0
Board [Qh Ts 3s Qc 9c]
Seat 1: 14a140bb (big blind) showed [Ac 7c] and won ($0.27) with Pair of Queens
Seat 2: 618e3c9c folded before Flop (didn't bet)
Seat 4: 6662df6 showed [6h 5h] and lost with Pair of Queens
Seat 5: ec69fd62 (button) folded before Flop (didn't bet)
Seat 6: Hero (small blind) folded before Flop


Poker Hand #HD1733470528: Hold'em No Limit ($0.02/$0.05) - 2024/04/16 21:56:12
Table 'NLHBlue33' 6-max Seat #4 is the button
Seat 2: 618e3c9c ($7.38 in chips)
Seat 3: 1ed18468 ($0.46 in chips)
Seat 4: 6662df6 ($0.85 in chips)
Seat 5: ec69fd62 ($9.21 in chips)
Seat 6: Hero ($8.99 in chips)
ec69fd62: posts small blind $0.02
Hero: posts big blind $0.05
*** HOLE CARDS ***
Dealt to 618e3c9c 
Dealt to 1ed18468 
Dealt to 6662df6 
Dealt to ec69fd62 
Dealt to Hero [Ah 9s]
618e3c9c: folds
1ed18468: raises $0.41 to $0.46 and is all-in
6662df6: raises $0.39 to $0.85 and is all-in
ec69fd62: folds
Hero: folds
Uncalled bet ($0.39) returned to 6662df6
6662df6: shows [Kd Ks]
1ed18468: shows [9h 9c]
*** FLOP *** [Qc 2c 4h]
*** TURN *** [Qc 2c 4h] [7s]
*** RIVER *** [Qc 2c 4h 7s] [6d]
*** SHOWDOWN ***
6662df6 collected $0.93 from pot
*** SUMMARY ***
Total pot $0.99 | Rake $0.06 | Jackpot $0 | Bingo $0 | Fortune $0 | Tax $0
Board [Qc 2c 4h 7s 6d]
Seat 2: 618e3c9c folded before Flop (didn't bet)
Seat 3: 1ed18468 showed [9h 9c] and lost with Pair of Nines
Seat 4: 6662df6 (button) showed [Kd Ks] and won ($0.93) with Pair of Kings
Seat 5: ec69fd62 (small blind) folded before Flop
Seat 6: Hero (big blind) folded before Flop


Poker Hand #HD1733470377: Hold'em No Limit ($0.02/$0.05) - 2024/04/16 21:54:57
Table 'NLHBlue33' 6-max Seat #3 is the button
Seat 2: 618e3c9c ($7.38 in chips)
Seat 3: 1ed18468 ($5 in chips)
Seat 4: 6662df6 ($0.95 in chips)
Seat 5: ec69fd62 ($5.07 in chips)
Seat 6: Hero ($8.99 in chips)
6662df6: posts small blind $0.02
ec69fd62: posts big blind $0.05
*** HOLE CARDS ***
Dealt to 618e3c9c 
Dealt to 1ed18468 
Dealt to 6662df6 
Dealt to ec69fd62 
Dealt to Hero [6h Ad]
Hero: folds
618e3c9c: folds
1ed18468: raises $0.05 to $0.1
6662df6: calls $0.08
ec69fd62: calls $0.05
*** FLOP *** [Th 7c Js]
6662df6: checks
ec69fd62: bets $0.23
1ed18468: raises $0.23 to $0.46
6662df6: folds
ec69fd62: calls $0.23
*** TURN *** [Th 7c Js] [7d]
ec69fd62: checks
1ed18468: bets $0.92
ec69fd62: calls $0.92
*** RIVER *** [Th 7c Js 7d] [4h]
ec69fd62: bets $3.06
1ed18468: calls $3.06
ec69fd62: shows [7h Jd] (Sevens Full over Jacks)
1ed18468: shows [Jc 9h] (Pair of Jacks and Pair of Sevens)
*** SHOWDOWN ***
ec69fd62 collected $8.68 from pot
*** SUMMARY ***
Total pot $9.18 | Rake $0.45 | Jackpot $0.05 | Bingo $0 | Fortune $0 | Tax $0
Board [Th 7c Js 7d 4h]
Seat 2: 618e3c9c folded before Flop (didn't bet)
Seat 3: 1ed18468 (button) showed [Jc 9h] and lost with Pair of Jacks and Pair of Sevens
Seat 4: 6662df6 (small blind) folded on the Flop
Seat 5: ec69fd62 (big blind) showed [7h Jd] and won ($8.68) with Sevens Full over Jacks
Seat 6: Hero folded before Flop (didn't bet)


Poker Hand #HD1733470333: Hold'em No Limit ($0.02/$0.05) - 2024/04/16 21:54:38
Table 'NLHBlue33' 6-max Seat #2 is the button
Seat 2: 618e3c9c ($7.38 in chips)
Seat 3: 1ed18468 ($5.02 in chips)
Seat 4: 6662df6 ($1 in chips)
Seat 5: ec69fd62 ($5 in chips)
Seat 6: Hero ($8.99 in chips)
1ed18468: posts small blind $0.02
6662df6: posts big blind $0.05
*** HOLE CARDS ***
Dealt to 618e3c9c 
Dealt to 1ed18468 
Dealt to 6662df6 
Dealt to ec69fd62 
Dealt to Hero [6h Kc]
ec69fd62: raises $0.07 to $0.12
Hero: folds
618e3c9c: folds
1ed18468: folds
6662df6: folds
Uncalled bet ($0.07) returned to ec69fd62
*** SHOWDOWN ***
ec69fd62 collected $0.12 from pot
*** SUMMARY ***
Total pot $0.12 | Rake $0 | Jackpot $0 | Bingo $0 | Fortune $0 | Tax $0
Seat 2: 618e3c9c (button) folded before Flop (didn't bet)
Seat 3: 1ed18468 (small blind) folded before Flop
Seat 4: 6662df6 (big blind) folded before Flop
Seat 5: ec69fd62 collected ($0.12)
Seat 6: Hero folded before Flop (didn't bet)


Poker Hand #HD1733470278: Hold'em No Limit ($0.02/$0.05) - 2024/04/16 21:54:16
Table 'NLHBlue33' 6-max Seat #6 is the button
Seat 2: 618e3c9c ($7.4 in chips)
Seat 3: 1ed18468 ($5 in chips)
Seat 4: 6662df6 ($1 in chips)
Seat 5: ec69fd62 ($5 in chips)
Seat 6: Hero ($8.99 in chips)
618e3c9c: posts small blind $0.02
1ed18468: posts big blind $0.05
*** HOLE CARDS ***
Dealt to 618e3c9c 
Dealt to 1ed18468 
Dealt to 6662df6 
Dealt to ec69fd62 
Dealt to Hero [4s Tc]
6662df6: folds
ec69fd62: folds
Hero: folds
618e3c9c: folds
Uncalled bet ($0.03) returned to 1ed18468
*** SHOWDOWN ***
1ed18468 collected $0.04 from pot
*** SUMMARY ***
Total pot $0.04 | Rake $0 | Jackpot $0 | Bingo $0 | Fortune $0 | Tax $0
Seat 2: 618e3c9c (small blind) folded before Flop
Seat 3: 1ed18468 (big blind) collected ($0.04)
Seat 4: 6662df6 folded before Flop (didn't bet)
Seat 5: ec69fd62 folded before Flop (didn't bet)
Seat 6: Hero (button) folded before Flop (didn't bet)


Poker Hand #HD1733470125: Hold'em No Limit ($0.02/$0.05) - 2024/04/16 21:53:01
Table 'NLHBlue33' 6-max Seat #5 is the button
Seat 1: a4ef52e5 ($5.47 in chips)
Seat 2: 618e3c9c ($7.1 in chips)
Seat 4: 6662df6 ($0.91 in chips)
Seat 5: ec69fd62 ($5 in chips)
Seat 6: Hero ($9.01 in chips)
Hero: posts small blind $0.02
a4ef52e5: posts big blind $0.05
*** HOLE CARDS ***
Dealt to a4ef52e5 
Dealt to 618e3c9c 
Dealt to 6662df6 
Dealt to ec69fd62 
Dealt to Hero [4h 5h]
618e3c9c: raises $0.05 to $0.1
6662df6: calls $0.1
ec69fd62: folds
Hero: folds
a4ef52e5: folds
*** FLOP *** [7s 4d Tc]
618e3c9c: checks
6662df6: bets $0.15
618e3c9c: calls $0.15
*** TURN *** [7s 4d Tc] [6s]
618e3c9c: checks
6662df6: checks
*** RIVER *** [7s 4d Tc 6s] [Ac]
618e3c9c: checks
6662df6: checks
618e3c9c: shows [As Ah] (Three Aces)
6662df6: shows [8c 7c] (Pair of Sevens)
*** SHOWDOWN ***
618e3c9c collected $0.55 from pot
*** SUMMARY ***
Total pot $0.57 | Rake $0.02 | Jackpot $0 | Bingo $0 | Fortune $0 | Tax $0
Board [7s 4d Tc 6s Ac]
Seat 1: a4ef52e5 (big blind) folded before Flop
Seat 2: 618e3c9c showed [As Ah] and won ($0.55) with Three Aces
Seat 4: 6662df6 showed [8c 7c] and lost with Pair of Sevens
Seat 5: ec69fd62 (button) folded before Flop (didn't bet)
Seat 6: Hero (small blind) folded before Flop


Poker Hand #HD1733470018: Hold'em No Limit ($0.02/$0.05) - 2024/04/16 21:52:18
Table 'NLHBlue33' 6-max Seat #4 is the button
Seat 1: a4ef52e5 ($5.47 in chips)
Seat 2: 618e3c9c ($7.1 in chips)
Seat 4: 6662df6 ($0.91 in chips)
Seat 5: ec69fd62 ($5 in chips)
Seat 6: Hero ($8.9 in chips)
ec69fd62: posts small blind $0.02
Hero: posts big blind $0.05
*** HOLE CARDS ***
Dealt to a4ef52e5 
Dealt to 618e3c9c 
Dealt to 6662df6 
Dealt to ec69fd62 
Dealt to Hero [Th Qs]
a4ef52e5: folds
618e3c9c: folds
6662df6: folds
ec69fd62: raises $0.07 to $0.12
Hero: calls $0.07
*** FLOP *** [2h Kc Js]
ec69fd62: checks
Hero: bets $0.15
ec69fd62: folds
Uncalled bet ($0.15) returned to Hero
*** SHOWDOWN ***
Hero collected $0.23 from pot
*** SUMMARY ***
Total pot $0.24 | Rake $0.01 | Jackpot $0 | Bingo $0 | Fortune $0 | Tax $0
Board [2h Kc Js]
Seat 1: a4ef52e5 folded before Flop (didn't bet)
Seat 2: 618e3c9c folded before Flop (didn't bet)
Seat 4: 6662df6 (button) folded before Flop (didn't bet)
Seat 5: ec69fd62 (small blind) folded on the Flop
Seat 6: Hero (big blind) won ($0.23)


Poker Hand #HD1733469944: Hold'em No Limit ($0.02/$0.05) - 2024/04/16 21:51:40
Table 'NLHBlue33' 6-max Seat #2 is the button
Seat 1: a4ef52e5 ($5.6 in chips)
Seat 2: 618e3c9c ($7.1 in chips)
Seat 3: 46d9e119 ($3.03 in chips)
Seat 4: 6662df6 ($0.77 in chips)
Seat 5: ec69fd62 ($5 in chips)
Seat 6: Hero ($8.9 in chips)
46d9e119: posts small blind $0.02
6662df6: posts big blind $0.05
*** HOLE CARDS ***
Dealt to a4ef52e5 
Dealt to 618e3c9c 
Dealt to 46d9e119 
Dealt to 6662df6 
Dealt to ec69fd62 
Dealt to Hero [5d 7h]
ec69fd62: folds
Hero: folds
a4ef52e5: raises $0.08 to $0.13
618e3c9c: folds
46d9e119: folds
6662df6: calls $0.08
*** FLOP *** [Jh 6d 7s]
6662df6: checks
a4ef52e5: checks
*** TURN *** [Jh 6d 7s] [Js]
6662df6: bets $0.16
a4ef52e5: folds
Uncalled bet ($0.16) returned to 6662df6
*** SHOWDOWN ***
6662df6 collected $0.27 from pot
*** SUMMARY ***
Total pot $0.28 | Rake $0.01 | Jackpot $0 | Bingo $0 | Fortune $0 | Tax $0
Board [Jh 6d 7s Js]
Seat 1: a4ef52e5 folded on the Turn
Seat 2: 618e3c9c (button) folded before Flop (didn't bet)
Seat 3: 46d9e119 (small blind) folded before Flop
Seat 4: 6662df6 (big blind) won ($0.27)
Seat 5: ec69fd62 folded before Flop (didn't bet)
Seat 6: Hero folded before Flop (didn't bet)


Poker Hand #HD1733469899: Hold'em No Limit ($0.02/$0.05) - 2024/04/16 21:51:22
Table 'NLHBlue33' 6-max Seat #1 is the button
Seat 1: a4ef52e5 ($5.53 in chips)
Seat 2: 618e3c9c ($7.12 in chips)
Seat 3: 46d9e119 ($3.08 in chips)
Seat 4: 6662df6 ($0.77 in chips)
Seat 5: ec69fd62 ($5 in chips)
Seat 6: Hero ($8.9 in chips)
618e3c9c: posts small blind $0.02
46d9e119: posts big blind $0.05
*** HOLE CARDS ***
Dealt to a4ef52e5 
Dealt to 618e3c9c 
Dealt to 46d9e119 
Dealt to 6662df6 
Dealt to ec69fd62 
Dealt to Hero [Jd 5h]
6662df6: folds
ec69fd62: folds
Hero: folds
a4ef52e5: raises $0.08 to $0.13
618e3c9c: folds
46d9e119: folds
Uncalled bet ($0.08) returned to a4ef52e5
*** SHOWDOWN ***
a4ef52e5 collected $0.12 from pot
*** SUMMARY ***
Total pot $0.12 | Rake $0 | Jackpot $0 | Bingo $0 | Fortune $0 | Tax $0
Seat 1: a4ef52e5 (button) collected ($0.12)
Seat 2: 618e3c9c (small blind) folded before Flop
Seat 3: 46d9e119 (big blind) folded before Flop
Seat 4: 6662df6 folded before Flop (didn't bet)
Seat 5: ec69fd62 folded before Flop (didn't bet)
Seat 6: Hero folded before Flop (didn't bet)


Poker Hand #HD1733469790: Hold'em No Limit ($0.02/$0.05) - 2024/04/16 21:50:36
Table 'NLHBlue33' 6-max Seat #6 is the button
Seat 1: a4ef52e5 ($5.36 in chips)
Seat 2: 618e3c9c ($7.17 in chips)
Seat 3: 46d9e119 ($3.08 in chips)
Seat 4: 6662df6 ($0.9 in chips)
Seat 5: ec69fd62 ($5 in chips)
Seat 6: Hero ($8.9 in chips)
a4ef52e5: posts small blind $0.02
618e3c9c: posts big blind $0.05
*** HOLE CARDS ***
Dealt to a4ef52e5 
Dealt to 618e3c9c 
Dealt to 46d9e119 
Dealt to 6662df6 
Dealt to ec69fd62 
Dealt to Hero [3d Ks]
46d9e119: folds
6662df6: raises $0.08 to $0.13
ec69fd62: folds
Hero: folds
a4ef52e5: raises $0.32 to $0.45
618e3c9c: folds
6662df6: folds
Uncalled bet ($0.32) returned to a4ef52e5
*** SHOWDOWN ***
a4ef52e5 collected $0.3 from pot
*** SUMMARY ***
Total pot $0.31 | Rake $0.01 | Jackpot $0 | Bingo $0 | Fortune $0 | Tax $0
Seat 1: a4ef52e5 (small blind) collected ($0.3)
Seat 2: 618e3c9c (big blind) folded before Flop
Seat 3: 46d9e119 folded before Flop (didn't bet)
Seat 4: 6662df6 folded before Flop
Seat 5: ec69fd62 folded before Flop (didn't bet)
Seat 6: Hero (button) folded before Flop (didn't bet)


Poker Hand #HD1733469674: Hold'em No Limit ($0.02/$0.05) - 2024/04/16 21:49:43
Table 'NLHBlue33' 6-max Seat #5 is the button
Seat 1: a4ef52e5 ($5.29 in chips)
Seat 2: 618e3c9c ($7.17 in chips)
Seat 3: 46d9e119 ($3.13 in chips)
Seat 4: 6662df6 ($0.9 in chips)
Seat 5: ec69fd62 ($5 in chips)
Seat 6: Hero ($8.92 in chips)
Hero: posts small blind $0.02
a4ef52e5: posts big blind $0.05
*** HOLE CARDS ***
Dealt to a4ef52e5 
Dealt to 618e3c9c 
Dealt to 46d9e119 
Dealt to 6662df6 
Dealt to ec69fd62 
Dealt to Hero [6d Kc]
618e3c9c: folds
46d9e119: calls $0.05
6662df6: folds
ec69fd62: folds
Hero: folds
a4ef52e5: checks
*** FLOP *** [4d 5h 6s]
a4ef52e5: checks
46d9e119: checks
*** TURN *** [4d 5h 6s] [8c]
a4ef52e5: checks
46d9e119: checks
*** RIVER *** [4d 5h 6s 8c] [6h]
a4ef52e5: checks
46d9e119: checks
a4ef52e5: shows [Kd 4s] (Pair of Sixes and Pair of Fours)
46d9e119: shows [2h Qh] (Pair of Sixes)
*** SHOWDOWN ***
a4ef52e5 collected $0.12 from pot
*** SUMMARY ***
Total pot $0.12 | Rake $0 | Jackpot $0 | Bingo $0 | Fortune $0 | Tax $0
Board [4d 5h 6s 8c 6h]
Seat 1: a4ef52e5 (big blind) showed [Kd 4s] and won ($0.12) with Pair of Sixes and Pair of Fours
Seat 2: 618e3c9c folded before Flop (didn't bet)
Seat 3: 46d9e119 showed [2h Qh] and lost with Pair of Sixes
Seat 4: 6662df6 folded before Flop (didn't bet)
Seat 5: ec69fd62 (button) folded before Flop (didn't bet)
Seat 6: Hero (small blind) folded before Flop


Poker Hand #HD1733469556: Hold'em No Limit ($0.02/$0.05) - 2024/04/16 21:48:53
Table 'NLHBlue33' 6-max Seat #4 is the button
Seat 1: a4ef52e5 ($5 in chips)
Seat 2: 618e3c9c ($7.17 in chips)
Seat 3: 46d9e119 ($3.37 in chips)
Seat 4: 6662df6 ($0.9 in chips)
Seat 5: ec69fd62 ($5 in chips)
Seat 6: Hero ($8.97 in chips)
ec69fd62: posts small blind $0.02
Hero: posts big blind $0.05
*** HOLE CARDS ***
Dealt to a4ef52e5 
Dealt to 618e3c9c 
Dealt to 46d9e119 
Dealt to 6662df6 
Dealt to ec69fd62 
Dealt to Hero [7h 9d]
a4ef52e5: raises $0.08 to $0.13
618e3c9c: folds
46d9e119: calls $0.13
6662df6: folds
ec69fd62: folds
Hero: folds
*** FLOP *** [Ac Jh Ah]
a4ef52e5: bets $0.11
46d9e119: calls $0.11
*** TURN *** [Ac Jh Ah] [Tc]
a4ef52e5: bets $0.35
46d9e119: folds
Uncalled bet ($0.35) returned to a4ef52e5
*** SHOWDOWN ***
a4ef52e5 collected $0.53 from pot
*** SUMMARY ***
Total pot $0.55 | Rake $0.02 | Jackpot $0 | Bingo $0 | Fortune $0 | Tax $0
Board [Ac Jh Ah Tc]
Seat 1: a4ef52e5 won ($0.53)
Seat 2: 618e3c9c folded before Flop (didn't bet)
Seat 3: 46d9e119 folded on the Turn
Seat 4: 6662df6 (button) folded before Flop (didn't bet)
Seat 5: ec69fd62 (small blind) folded before Flop
Seat 6: Hero (big blind) folded before Flop


Poker Hand #HD1733469442: Hold'em No Limit ($0.02/$0.05) - 2024/04/16 21:48:04
Table 'NLHBlue33' 6-max Seat #3 is the button
Seat 2: 618e3c9c ($7.17 in chips)
Seat 3: 46d9e119 ($3.18 in chips)
Seat 4: 6662df6 ($1 in chips)
Seat 5: ec69fd62 ($5 in chips)
Seat 6: Hero ($8.97 in chips)
6662df6: posts small blind $0.02
ec69fd62: posts big blind $0.05
*** HOLE CARDS ***
Dealt to 618e3c9c 
Dealt to 46d9e119 
Dealt to 6662df6 
Dealt to ec69fd62 
Dealt to Hero [9s 2h]
Hero: folds
618e3c9c: folds
46d9e119: raises $0.05 to $0.1
6662df6: calls $0.08
ec69fd62: calls $0.05
*** FLOP *** [Ts 7h 7d]
6662df6: checks
ec69fd62: checks
46d9e119: bets $0.23
6662df6: folds
ec69fd62: folds
Uncalled bet ($0.23) returned to 46d9e119
*** SHOWDOWN ***
46d9e119 collected $0.29 from pot
*** SUMMARY ***
Total pot $0.3 | Rake $0.01 | Jackpot $0 | Bingo $0 | Fortune $0 | Tax $0
Board [Ts 7h 7d]
Seat 2: 618e3c9c folded before Flop (didn't bet)
Seat 3: 46d9e119 (button) won ($0.29)
Seat 4: 6662df6 (small blind) folded on the Flop
Seat 5: ec69fd62 (big blind) folded on the Flop
Seat 6: Hero folded before Flop (didn't bet)


Poker Hand #HD1733469280: Hold'em No Limit ($0.02/$0.05) - 2024/04/16 21:46:52
Table 'NLHBlue33' 6-max Seat #2 is the button
Seat 1: a4ef52e5 ($3.16 in chips)
Seat 2: 618e3c9c ($7.52 in chips)
Seat 3: 46d9e119 ($3.2 in chips)
Seat 4: 6662df6 ($0.85 in chips)
Seat 6: Hero ($5 in chips)
46d9e119: posts small blind $0.02
6662df6: posts big blind $0.05
*** HOLE CARDS ***
Dealt to a4ef52e5 
Dealt to 618e3c9c 
Dealt to 46d9e119 
Dealt to 6662df6 
Dealt to Hero [Ah As]
Hero: raises $0.07 to $0.12
a4ef52e5: raises $0.23 to $0.35
618e3c9c: calls $0.35
46d9e119: folds
6662df6: raises $0.5 to $0.85 and is all-in
Hero: raises $4.15 to $5 and is all-in
a4ef52e5: calls $2.81 and is all-in
618e3c9c: folds
Uncalled bet ($1.84) returned to Hero
Hero: shows [Ah As]
a4ef52e5: shows [Td Ts]
6662df6: shows [Qh Ad]
*** FLOP *** [5c 3c 8s]
*** TURN *** [5c 3c 8s] [9c]
*** RIVER *** [5c 3c 8s 9c] [6h]
*** SHOWDOWN ***
Hero collected $2.78 from pot
Hero collected $4.35 from pot
*** SUMMARY ***
Total pot $7.54 | Rake $0.36 | Jackpot $0.05 | Bingo $0 | Fortune $0 | Tax $0
Board [5c 3c 8s 9c 6h]
Seat 1: a4ef52e5 showed [Td Ts] and lost with Pair of Tens
Seat 2: 618e3c9c (button) folded before Flop
Seat 3: 46d9e119 (small blind) folded before Flop
Seat 4: 6662df6 (big blind) showed [Qh Ad] and lost with Ace-High
Seat 6: Hero showed [Ah As] and won ($7.13) with Pair of Aces


Poker Hand #HD1733469188: Hold'em No Limit ($0.02/$0.05) - 2024/04/16 21:46:16
Table 'NLHBlue33' 6-max Seat #1 is the button
Seat 1: a4ef52e5 ($3.16 in chips)
Seat 2: 618e3c9c ($7.38 in chips)
Seat 3: 46d9e119 ($3.35 in chips)
Seat 6: Hero ($5 in chips)
618e3c9c: posts small blind $0.02
46d9e119: posts big blind $0.05
*** HOLE CARDS ***
Dealt to a4ef52e5 
Dealt to 618e3c9c 
Dealt to 46d9e119 
Dealt to Hero [7c Th]
Hero: folds
a4ef52e5: folds
618e3c9c: raises $0.1 to $0.15
46d9e119: calls $0.1
*** FLOP *** [Ad 6c Kh]
618e3c9c: bets $0.1
46d9e119: folds
Uncalled bet ($0.1) returned to 618e3c9c
*** SHOWDOWN ***
618e3c9c collected $0.29 from pot
*** SUMMARY ***
Total pot $0.3 | Rake $0.01 | Jackpot $0 | Bingo $0 | Fortune $0 | Tax $0
Board [Ad 6c Kh]
Seat 1: a4ef52e5 (button) folded before Flop (didn't bet)
Seat 2: 618e3c9c (small blind) won ($0.29)
Seat 3: 46d9e119 (big blind) folded on the Flop
Seat 6: Hero folded before Flop (didn't bet)


Poker Hand #HD1733469008: Hold'em No Limit ($0.02/$0.05) - 2024/04/16 21:45:03
Table 'NLHBlue33' 6-max Seat #6 is the button
Seat 1: a4ef52e5 ($3.46 in chips)
Seat 2: 618e3c9c ($7.43 in chips)
Seat 3: 46d9e119 ($3.03 in chips)
Seat 6: Hero ($5 in chips)
a4ef52e5: posts small blind $0.02
618e3c9c: posts big blind $0.05
*** HOLE CARDS ***
Dealt to a4ef52e5 
Dealt to 618e3c9c 
Dealt to 46d9e119 
Dealt to Hero [Kc Jh]
46d9e119: raises $0.05 to $0.1
Hero: folds
a4ef52e5: raises $0.2 to $0.3
618e3c9c: folds
46d9e119: calls $0.2
*** FLOP *** [4h 6h 3c]
a4ef52e5: checks
46d9e119: checks
*** TURN *** [4h 6h 3c] [7d]
a4ef52e5: checks
46d9e119: bets $0.49
a4ef52e5: folds
Uncalled bet ($0.49) returned to 46d9e119
*** SHOWDOWN ***
46d9e119 collected $0.62 from pot
*** SUMMARY ***
Total pot $0.65 | Rake $0.03 | Jackpot $0 | Bingo $0 | Fortune $0 | Tax $0
Board [4h 6h 3c 7d]
Seat 1: a4ef52e5 (small blind) folded on the Turn
Seat 2: 618e3c9c (big blind) folded before Flop
Seat 3: 46d9e119 won ($0.62)
Seat 6: Hero (button) folded before Flop (didn't bet)


Poker Hand #HD1733468866: Hold'em No Limit ($0.02/$0.05) - 2024/04/16 21:43:57
Table 'NLHBlue33' 6-max Seat #5 is the button
Seat 1: a4ef52e5 ($3.91 in chips)
Seat 2: 618e3c9c ($7.43 in chips)
Seat 3: 46d9e119 ($2.6 in chips)
Seat 5: 34504f74 ($4 in chips)
Seat 6: Hero ($5 in chips)
Hero: posts small blind $0.02
a4ef52e5: posts big blind $0.05
*** HOLE CARDS ***
Dealt to a4ef52e5 
Dealt to 618e3c9c 
Dealt to 46d9e119 
Dealt to 34504f74 
Dealt to Hero [5d Jd]
618e3c9c: folds
46d9e119: calls $0.05
34504f74: folds
Hero: folds
a4ef52e5: checks
*** FLOP *** [Qc Ac 3h]
a4ef52e5: checks
46d9e119: checks
*** TURN *** [Qc Ac 3h] [4c]
a4ef52e5: bets $0.1
46d9e119: calls $0.1
*** RIVER *** [Qc Ac 3h 4c] [2s]
a4ef52e5: bets $0.3
46d9e119: raises $0.4 to $0.7
a4ef52e5: folds
Uncalled bet ($0.4) returned to 46d9e119
*** SHOWDOWN ***
46d9e119 collected $0.88 from pot
*** SUMMARY ***
Total pot $0.92 | Rake $0.04 | Jackpot $0 | Bingo $0 | Fortune $0 | Tax $0
Board [Qc Ac 3h 4c 2s]
Seat 1: a4ef52e5 (big blind) folded on the River
Seat 2: 618e3c9c folded before Flop (didn't bet)
Seat 3: 46d9e119 won ($0.88)
Seat 5: 34504f74 (button) folded before Flop (didn't bet)
Seat 6: Hero (small blind) folded before Flop


Poker Hand #HD1733468780: Hold'em No Limit ($0.02/$0.05) - 2024/04/16 21:43:20
Table 'NLHBlue33' 6-max Seat #3 is the button
Seat 1: a4ef52e5 ($3.91 in chips)
Seat 2: 618e3c9c ($7.43 in chips)
Seat 3: 46d9e119 ($2.53 in chips)
Seat 5: 34504f74 ($4.02 in chips)
Seat 6: Hero ($5 in chips)
34504f74: posts small blind $0.02
Hero: posts big blind $0.05
*** HOLE CARDS ***
Dealt to a4ef52e5 
Dealt to 618e3c9c 
Dealt to 46d9e119 
Dealt to 34504f74 
Dealt to Hero [5d 9d]
a4ef52e5: folds
618e3c9c: folds
46d9e119: calls $0.05
34504f74: folds
Hero: checks
*** FLOP *** [Kc 6s 3c]
Hero: checks
46d9e119: bets $0.15
Hero: folds
Uncalled bet ($0.15) returned to 46d9e119
*** SHOWDOWN ***
46d9e119 collected $0.12 from pot
*** SUMMARY ***
Total pot $0.12 | Rake $0 | Jackpot $0 | Bingo $0 | Fortune $0 | Tax $0
Board [Kc 6s 3c]
Seat 1: a4ef52e5 folded before Flop (didn't bet)
Seat 2: 618e3c9c folded before Flop (didn't bet)
Seat 3: 46d9e119 (button) won ($0.12)
Seat 5: 34504f74 (small blind) folded before Flop
Seat 6: Hero (big blind) folded on the Flop


Poker Hand #HD1733468742: Hold'em No Limit ($0.02/$0.05) - 2024/04/16 21:43:03
Table 'NLHBlue33' 6-max Seat #2 is the button
Seat 1: a4ef52e5 ($3.84 in chips)
Seat 2: 618e3c9c ($7.43 in chips)
Seat 3: 46d9e119 ($2.55 in chips)
Seat 5: 34504f74 ($4.07 in chips)
Seat 6: Hero ($5 in chips)
46d9e119: posts small blind $0.02
34504f74: posts big blind $0.05
*** HOLE CARDS ***
Dealt to a4ef52e5 
Dealt to 618e3c9c 
Dealt to 46d9e119 
Dealt to 34504f74 
Dealt to Hero [7s Jc]
Hero: folds
a4ef52e5: raises $0.08 to $0.13
618e3c9c: folds
46d9e119: folds
34504f74: folds
Uncalled bet ($0.08) returned to a4ef52e5
*** SHOWDOWN ***
a4ef52e5 collected $0.12 from pot
*** SUMMARY ***
Total pot $0.12 | Rake $0 | Jackpot $0 | Bingo $0 | Fortune $0 | Tax $0
Seat 1: a4ef52e5 collected ($0.12)
Seat 2: 618e3c9c (button) folded before Flop (didn't bet)
Seat 3: 46d9e119 (small blind) folded before Flop
Seat 5: 34504f74 (big blind) folded before Flop
Seat 6: Hero folded before Flop (didn't bet)


Poker Hand #HD1733468660: Hold'em No Limit ($0.02/$0.05) - 2024/04/16 21:42:26
Table 'NLHBlue33' 6-max Seat #1 is the button
Seat 1: a4ef52e5 ($3.84 in chips)
Seat 2: 618e3c9c ($7.29 in chips)
Seat 3: 46d9e119 ($2.7 in chips)
Seat 5: 34504f74 ($4.07 in chips)
Seat 6: Hero ($5 in chips)
618e3c9c: posts small blind $0.02
46d9e119: posts big blind $0.05
*** HOLE CARDS ***
Dealt to a4ef52e5 
Dealt to 618e3c9c 
Dealt to 46d9e119 
Dealt to 34504f74 
Dealt to Hero [8s 7d]
34504f74: folds
Hero: folds
a4ef52e5: folds
618e3c9c: raises $0.1 to $0.15
46d9e119: calls $0.1
*** FLOP *** [4s Qh Ah]
618e3c9c: checks
46d9e119: checks
*** TURN *** [4s Qh Ah] [As]
618e3c9c: bets $0.1
46d9e119: folds
Uncalled bet ($0.1) returned to 618e3c9c
*** SHOWDOWN ***
618e3c9c collected $0.29 from pot
*** SUMMARY ***
Total pot $0.3 | Rake $0.01 | Jackpot $0 | Bingo $0 | Fortune $0 | Tax $0
Board [4s Qh Ah As]
Seat 1: a4ef52e5 (button) folded before Flop (didn't bet)
Seat 2: 618e3c9c (small blind) won ($0.29)
Seat 3: 46d9e119 (big blind) folded on the Turn
Seat 5: 34504f74 folded before Flop (didn't bet)
Seat 6: Hero folded before Flop (didn't bet)


Poker Hand #HD1733468601: Hold'em No Limit ($0.02/$0.05) - 2024/04/16 21:41:59
Table 'NLHBlue33' 6-max Seat #6 is the button
Seat 1: a4ef52e5 ($3.86 in chips)
Seat 2: 618e3c9c ($7.22 in chips)
Seat 3: 46d9e119 ($2.75 in chips)
Seat 5: 34504f74 ($4.07 in chips)
Seat 6: Hero ($5 in chips)
a4ef52e5: posts small blind $0.02
618e3c9c: posts big blind $0.05
*** HOLE CARDS ***
Dealt to a4ef52e5 
Dealt to 618e3c9c 
Dealt to 46d9e119 
Dealt to 34504f74 
Dealt to Hero [7h Kh]
46d9e119: calls $0.05
34504f74: folds
Hero: folds
a4ef52e5: folds
618e3c9c: checks
*** FLOP *** [Tc 4s Qh]
618e3c9c: checks
46d9e119: checks
*** TURN *** [Tc 4s Qh] [9d]
618e3c9c: bets $0.08
46d9e119: folds
Uncalled bet ($0.08) returned to 618e3c9c
*** SHOWDOWN ***
618e3c9c collected $0.12 from pot
*** SUMMARY ***
Total pot $0.12 | Rake $0 | Jackpot $0 | Bingo $0 | Fortune $0 | Tax $0
Board [Tc 4s Qh 9d]
Seat 1: a4ef52e5 (small blind) folded before Flop
Seat 2: 618e3c9c (big blind) won ($0.12)
Seat 3: 46d9e119 folded on the Turn
Seat 5: 34504f74 folded before Flop (didn't bet)
Seat 6: Hero (button) folded before Flop (didn't bet)


Poker Hand #HD1733468575: Hold'em No Limit ($0.02/$0.05) - 2024/04/16 21:41:44
Table 'NLHBlue33' 6-max Seat #5 is the button
Seat 1: a4ef52e5 ($3.91 in chips)
Seat 3: 46d9e119 ($2.68 in chips)
Seat 5: 34504f74 ($4.07 in chips)
Seat 6: Hero ($5 in chips)
Hero: posts small blind $0.02
a4ef52e5: posts big blind $0.05
*** HOLE CARDS ***
Dealt to a4ef52e5 
Dealt to 46d9e119 
Dealt to 34504f74 
Dealt to Hero [Ts 9h]
46d9e119: raises $0.05 to $0.1
34504f74: folds
Hero: folds
a4ef52e5: folds
Uncalled bet ($0.05) returned to 46d9e119
*** SHOWDOWN ***
46d9e119 collected $0.12 from pot
*** SUMMARY ***
Total pot $0.12 | Rake $0 | Jackpot $0 | Bingo $0 | Fortune $0 | Tax $0
Seat 1: a4ef52e5 (big blind) folded before Flop
Seat 3: 46d9e119 collected ($0.12)
Seat 5: 34504f74 (button) folded before Flop (didn't bet)
Seat 6: Hero (small blind) folded before Flop


Poker Hand #HD1733468538: Hold'em No Limit ($0.02/$0.05) - 2024/04/16 21:41:29
Table 'NLHBlue33' 6-max Seat #3 is the button
Seat 1: a4ef52e5 ($3.91 in chips)
Seat 3: 46d9e119 ($2.61 in chips)
Seat 5: 34504f74 ($4.09 in chips)
Seat 6: Hero ($5 in chips)
34504f74: posts small blind $0.02
Hero: posts big blind $0.05
*** HOLE CARDS ***
Dealt to a4ef52e5 
Dealt to 46d9e119 
Dealt to 34504f74 
Dealt to Hero [2d 6s]
a4ef52e5: folds
46d9e119: raises $0.1 to $0.15
34504f74: folds
Hero: folds
Uncalled bet ($0.1) returned to 46d9e119
*** SHOWDOWN ***
46d9e119 collected $0.12 from pot
*** SUMMARY ***
Total pot $0.12 | Rake $0 | Jackpot $0 | Bingo $0 | Fortune $0 | Tax $0
Seat 1: a4ef52e5 folded before Flop (didn't bet)
Seat 3: 46d9e119 (button) collected ($0.12)
Seat 5: 34504f74 (small blind) folded before Flop
Seat 6: Hero (big blind) folded before Flop


