Poker Hand #HD1730466647: Hold'em No Limit ($0.02/$0.05) - 2024/04/14 20:53:09
Table 'NLHBlue33' 6-max Seat #2 is the button
Seat 1: d4e90ac1 ($5 in chips)
Seat 2: Hero ($5.21 in chips)
Seat 3: ca3d523 ($4.87 in chips)
Seat 4: 116fdc95 ($6.36 in chips)
Seat 5: 7a0bb2b3 ($4.04 in chips)
Seat 6: 96f7c05a ($7.36 in chips)
ca3d523: posts small blind $0.02
116fdc95: posts big blind $0.05
*** HOLE CARDS ***
Dealt to d4e90ac1 
Dealt to Hero [3c 3s]
Dealt to ca3d523 
Dealt to 116fdc95 
Dealt to 7a0bb2b3 
Dealt to 96f7c05a 
7a0bb2b3: raises $0.05 to $0.1
96f7c05a: folds
d4e90ac1: folds
Hero: folds
ca3d523: calls $0.08
116fdc95: calls $0.05
*** FLOP *** [Td 3h 9h]
ca3d523: checks
116fdc95: checks
7a0bb2b3: bets $0.15
ca3d523: folds
116fdc95: calls $0.15
*** TURN *** [Td 3h 9h] [8s]
116fdc95: checks
7a0bb2b3: bets $0.3
116fdc95: raises $0.9 to $1.2
7a0bb2b3: calls $0.9
*** RIVER *** [Td 3h 9h 8s] [Kd]
116fdc95: bets $4.91 and is all-in
7a0bb2b3: calls $2.59 and is all-in
Uncalled bet ($2.32) returned to 116fdc95
116fdc95: shows [Ts 8c] (Pair of Tens and Pair of Eights)
7a0bb2b3: shows [Ah Th] (Pair of Tens)
*** SHOWDOWN ***
116fdc95 collected $7.73 from pot
*** SUMMARY ***
Total pot $8.18 | Rake $0.4 | Jackpot $0.05 | Bingo $0 | Fortune $0 | Tax $0
Board [Td 3h 9h 8s Kd]
Seat 1: d4e90ac1 folded before Flop (didn't bet)
Seat 2: Hero (button) folded before Flop (didn't bet)
Seat 3: ca3d523 (small blind) folded on the Flop
Seat 4: 116fdc95 (big blind) showed [Ts 8c] and won ($7.73) with Pair of Tens and Pair of Eights
Seat 5: 7a0bb2b3 showed [Ah Th] and lost with Pair of Tens
Seat 6: 96f7c05a folded before Flop (didn't bet)


Poker Hand #HD1730466569: Hold'em No Limit ($0.02/$0.05) - 2024/04/14 20:52:36
Table 'NLHBlue33' 6-max Seat #1 is the button
Seat 1: d4e90ac1 ($5 in chips)
Seat 2: Hero ($5.02 in chips)
Seat 3: ca3d523 ($4.92 in chips)
Seat 4: 116fdc95 ($6.36 in chips)
Seat 5: 7a0bb2b3 ($4.04 in chips)
Seat 6: 96f7c05a ($7.51 in chips)
Hero: posts small blind $0.02
ca3d523: posts big blind $0.05
*** HOLE CARDS ***
Dealt to d4e90ac1 
Dealt to Hero [Qs Kh]
Dealt to ca3d523 
Dealt to 116fdc95 
Dealt to 7a0bb2b3 
Dealt to 96f7c05a 
116fdc95: folds
7a0bb2b3: folds
96f7c05a: raises $0.1 to $0.15
d4e90ac1: folds
Hero: raises $0.45 to $0.6
ca3d523: folds
96f7c05a: folds
Uncalled bet ($0.45) returned to Hero
*** SHOWDOWN ***
Hero collected $0.34 from pot
*** SUMMARY ***
Total pot $0.35 | Rake $0.01 | Jackpot $0 | Bingo $0 | Fortune $0 | Tax $0
Seat 1: d4e90ac1 (button) folded before Flop (didn't bet)
Seat 2: Hero (small blind) collected ($0.34)
Seat 3: ca3d523 (big blind) folded before Flop
Seat 4: 116fdc95 folded before Flop (didn't bet)
Seat 5: 7a0bb2b3 folded before Flop (didn't bet)
Seat 6: 96f7c05a folded before Flop


Poker Hand #HD1730466494: Hold'em No Limit ($0.02/$0.05) - 2024/04/14 20:52:05
Table 'NLHBlue33' 6-max Seat #6 is the button
Seat 1: d4e90ac1 ($5.02 in chips)
Seat 2: Hero ($5.07 in chips)
Seat 3: ca3d523 ($5.07 in chips)
Seat 4: 116fdc95 ($6.36 in chips)
Seat 5: 7a0bb2b3 ($4.04 in chips)
Seat 6: 96f7c05a ($7.3 in chips)
d4e90ac1: posts small blind $0.02
Hero: posts big blind $0.05
*** HOLE CARDS ***
Dealt to d4e90ac1 
Dealt to Hero [2d 4s]
Dealt to ca3d523 
Dealt to 116fdc95 
Dealt to 7a0bb2b3 
Dealt to 96f7c05a 
ca3d523: raises $0.1 to $0.15
116fdc95: folds
7a0bb2b3: folds
96f7c05a: raises $0.3 to $0.45
d4e90ac1: folds
Hero: folds
ca3d523: folds
Uncalled bet ($0.3) returned to 96f7c05a
*** SHOWDOWN ***
96f7c05a collected $0.36 from pot
*** SUMMARY ***
Total pot $0.37 | Rake $0.01 | Jackpot $0 | Bingo $0 | Fortune $0 | Tax $0
Seat 1: d4e90ac1 (small blind) folded before Flop
Seat 2: Hero (big blind) folded before Flop
Seat 3: ca3d523 folded before Flop
Seat 4: 116fdc95 folded before Flop (didn't bet)
Seat 5: 7a0bb2b3 folded before Flop (didn't bet)
Seat 6: 96f7c05a (button) collected ($0.36)


Poker Hand #HD1730466454: Hold'em No Limit ($0.02/$0.05) - 2024/04/14 20:51:49
Table 'NLHBlue33' 6-max Seat #5 is the button
Seat 1: d4e90ac1 ($5 in chips)
Seat 2: Hero ($5.07 in chips)
Seat 3: ca3d523 ($5.07 in chips)
Seat 4: 116fdc95 ($6.36 in chips)
Seat 5: 7a0bb2b3 ($4.04 in chips)
Seat 6: 96f7c05a ($7.32 in chips)
96f7c05a: posts small blind $0.02
d4e90ac1: posts big blind $0.05
*** HOLE CARDS ***
Dealt to d4e90ac1 
Dealt to Hero [Kc 4c]
Dealt to ca3d523 
Dealt to 116fdc95 
Dealt to 7a0bb2b3 
Dealt to 96f7c05a 
Hero: folds
ca3d523: folds
116fdc95: folds
7a0bb2b3: folds
96f7c05a: folds
Uncalled bet ($0.03) returned to d4e90ac1
*** SHOWDOWN ***
d4e90ac1 collected $0.04 from pot
*** SUMMARY ***
Total pot $0.04 | Rake $0 | Jackpot $0 | Bingo $0 | Fortune $0 | Tax $0
Seat 1: d4e90ac1 (big blind) collected ($0.04)
Seat 2: Hero folded before Flop (didn't bet)
Seat 3: ca3d523 folded before Flop (didn't bet)
Seat 4: 116fdc95 folded before Flop (didn't bet)
Seat 5: 7a0bb2b3 (button) folded before Flop (didn't bet)
Seat 6: 96f7c05a (small blind) folded before Flop


Poker Hand #HD1730466379: Hold'em No Limit ($0.02/$0.05) - 2024/04/14 20:51:17
Table 'NLHBlue33' 6-max Seat #4 is the button
Seat 1: d4e90ac1 ($5 in chips)
Seat 2: Hero ($5.07 in chips)
Seat 3: ca3d523 ($5 in chips)
Seat 4: 116fdc95 ($6.36 in chips)
Seat 5: 7a0bb2b3 ($4.06 in chips)
Seat 6: 96f7c05a ($7.37 in chips)
7a0bb2b3: posts small blind $0.02
96f7c05a: posts big blind $0.05
ca3d523: posts big blind $0.05
*** HOLE CARDS ***
Dealt to d4e90ac1 
Dealt to Hero [9s Jh]
Dealt to ca3d523 
Dealt to 116fdc95 
Dealt to 7a0bb2b3 
Dealt to 96f7c05a 
d4e90ac1: folds
Hero: folds
ca3d523: checks
116fdc95: folds
7a0bb2b3: folds
96f7c05a: checks
*** FLOP *** [Th 5s 9h]
96f7c05a: checks
ca3d523: bets $0.06
96f7c05a: folds
Uncalled bet ($0.06) returned to ca3d523
*** SHOWDOWN ***
ca3d523 collected $0.12 from pot
*** SUMMARY ***
Total pot $0.12 | Rake $0 | Jackpot $0 | Bingo $0 | Fortune $0 | Tax $0
Board [Th 5s 9h]
Seat 1: d4e90ac1 folded before Flop (didn't bet)
Seat 2: Hero folded before Flop (didn't bet)
Seat 3: ca3d523 won ($0.12)
Seat 4: 116fdc95 (button) folded before Flop (didn't bet)
Seat 5: 7a0bb2b3 (small blind) folded before Flop
Seat 6: 96f7c05a (big blind) folded on the Flop


Poker Hand #HD1730466330: Hold'em No Limit ($0.02/$0.05) - 2024/04/14 20:50:59
Table 'NLHBlue33' 6-max Seat #2 is the button
Seat 1: d4e90ac1 ($5 in chips)
Seat 2: Hero ($5 in chips)
Seat 4: 116fdc95 ($6.38 in chips)
Seat 5: 7a0bb2b3 ($4.11 in chips)
Seat 6: 96f7c05a ($7.37 in chips)
116fdc95: posts small blind $0.02
7a0bb2b3: posts big blind $0.05
*** HOLE CARDS ***
Dealt to d4e90ac1 
Dealt to Hero [Jd As]
Dealt to 116fdc95 
Dealt to 7a0bb2b3 
Dealt to 96f7c05a 
96f7c05a: folds
d4e90ac1: folds
Hero: raises $0.07 to $0.12
116fdc95: folds
7a0bb2b3: folds
Uncalled bet ($0.07) returned to Hero
*** SHOWDOWN ***
Hero collected $0.12 from pot
*** SUMMARY ***
Total pot $0.12 | Rake $0 | Jackpot $0 | Bingo $0 | Fortune $0 | Tax $0
Seat 1: d4e90ac1 folded before Flop (didn't bet)
Seat 2: Hero (button) collected ($0.12)
Seat 4: 116fdc95 (small blind) folded before Flop
Seat 5: 7a0bb2b3 (big blind) folded before Flop
Seat 6: 96f7c05a folded before Flop (didn't bet)


Poker Hand #HD1730466258: Hold'em No Limit ($0.02/$0.05) - 2024/04/14 20:50:23
Table 'NLHBlue33' 6-max Seat #1 is the button
Seat 1: d4e90ac1 ($5 in chips)
Seat 2: Hero ($5.5 in chips)
Seat 4: 116fdc95 ($6.43 in chips)
Seat 5: 7a0bb2b3 ($3.52 in chips)
Seat 6: 96f7c05a ($7.37 in chips)
Hero: posts small blind $0.02
116fdc95: posts big blind $0.05
*** HOLE CARDS ***
Dealt to d4e90ac1 
Dealt to Hero [Ts Th]
Dealt to 116fdc95 
Dealt to 7a0bb2b3 
Dealt to 96f7c05a 
7a0bb2b3: raises $0.1 to $0.15
96f7c05a: folds
d4e90ac1: folds
Hero: raises $0.45 to $0.6
116fdc95: folds
7a0bb2b3: calls $0.45
*** FLOP *** [6d 8d Jc]
Hero: checks
7a0bb2b3: bets $0.94
Hero: folds
Uncalled bet ($0.94) returned to 7a0bb2b3
*** SHOWDOWN ***
7a0bb2b3 collected $1.19 from pot
*** SUMMARY ***
Total pot $1.25 | Rake $0.06 | Jackpot $0 | Bingo $0 | Fortune $0 | Tax $0
Board [6d 8d Jc]
Seat 1: d4e90ac1 (button) folded before Flop (didn't bet)
Seat 2: Hero (small blind) folded on the Flop
Seat 4: 116fdc95 (big blind) folded before Flop
Seat 5: 7a0bb2b3 won ($1.19)
Seat 6: 96f7c05a folded before Flop (didn't bet)


Poker Hand #HD1730466227: Hold'em No Limit ($0.02/$0.05) - 2024/04/14 20:50:11
Table 'NLHBlue33' 6-max Seat #6 is the button
Seat 1: d4e90ac1 ($5 in chips)
Seat 2: Hero ($5.55 in chips)
Seat 3: c158749f ($5.66 in chips)
Seat 4: 116fdc95 ($6.43 in chips)
Seat 5: 7a0bb2b3 ($3.45 in chips)
Seat 6: 96f7c05a ($7.37 in chips)
d4e90ac1: posts small blind $0.02
Hero: posts big blind $0.05
*** HOLE CARDS ***
Dealt to d4e90ac1 
Dealt to Hero [7c 8s]
Dealt to c158749f 
Dealt to 116fdc95 
Dealt to 7a0bb2b3 
Dealt to 96f7c05a 
c158749f: folds
116fdc95: folds
7a0bb2b3: raises $0.05 to $0.1
96f7c05a: folds
d4e90ac1: folds
Hero: folds
Uncalled bet ($0.05) returned to 7a0bb2b3
*** SHOWDOWN ***
7a0bb2b3 collected $0.12 from pot
*** SUMMARY ***
Total pot $0.12 | Rake $0 | Jackpot $0 | Bingo $0 | Fortune $0 | Tax $0
Seat 1: d4e90ac1 (small blind) folded before Flop
Seat 2: Hero (big blind) folded before Flop
Seat 3: c158749f folded before Flop (didn't bet)
Seat 4: 116fdc95 folded before Flop (didn't bet)
Seat 5: 7a0bb2b3 collected ($0.12)
Seat 6: 96f7c05a (button) folded before Flop (didn't bet)


Poker Hand #HD1730466175: Hold'em No Limit ($0.02/$0.05) - 2024/04/14 20:49:47
Table 'NLHBlue33' 6-max Seat #5 is the button
Seat 1: d4e90ac1 ($5 in chips)
Seat 2: Hero ($5.55 in chips)
Seat 3: c158749f ($5.66 in chips)
Seat 4: 116fdc95 ($6.36 in chips)
Seat 5: 7a0bb2b3 ($3.45 in chips)
Seat 6: 96f7c05a ($7.39 in chips)
96f7c05a: posts small blind $0.02
d4e90ac1: posts big blind $0.05
*** HOLE CARDS ***
Dealt to d4e90ac1 
Dealt to Hero [9c Js]
Dealt to c158749f 
Dealt to 116fdc95 
Dealt to 7a0bb2b3 
Dealt to 96f7c05a 
Hero: folds
c158749f: folds
116fdc95: raises $0.06 to $0.11
7a0bb2b3: folds
96f7c05a: folds
d4e90ac1: folds
Uncalled bet ($0.06) returned to 116fdc95
*** SHOWDOWN ***
116fdc95 collected $0.12 from pot
*** SUMMARY ***
Total pot $0.12 | Rake $0 | Jackpot $0 | Bingo $0 | Fortune $0 | Tax $0
Seat 1: d4e90ac1 (big blind) folded before Flop
Seat 2: Hero folded before Flop (didn't bet)
Seat 3: c158749f folded before Flop (didn't bet)
Seat 4: 116fdc95 collected ($0.12)
Seat 5: 7a0bb2b3 (button) folded before Flop (didn't bet)
Seat 6: 96f7c05a (small blind) folded before Flop


Poker Hand #HD1730466100: Hold'em No Limit ($0.02/$0.05) - 2024/04/14 20:49:03
Table 'NLHBlue33' 6-max Seat #4 is the button
Seat 1: d4e90ac1 ($5.14 in chips)
Seat 2: Hero ($5.55 in chips)
Seat 3: c158749f ($5.66 in chips)
Seat 4: 116fdc95 ($6.36 in chips)
Seat 5: 7a0bb2b3 ($3.47 in chips)
Seat 6: 96f7c05a ($7.09 in chips)
7a0bb2b3: posts small blind $0.02
96f7c05a: posts big blind $0.05
*** HOLE CARDS ***
Dealt to d4e90ac1 
Dealt to Hero [2d 3d]
Dealt to c158749f 
Dealt to 116fdc95 
Dealt to 7a0bb2b3 
Dealt to 96f7c05a 
d4e90ac1: raises $0.1 to $0.15
Hero: folds
c158749f: folds
116fdc95: folds
7a0bb2b3: folds
96f7c05a: calls $0.1
*** FLOP *** [Ad Ks Kd]
96f7c05a: checks
d4e90ac1: bets $0.16
96f7c05a: calls $0.16
*** TURN *** [Ad Ks Kd] [As]
96f7c05a: checks
d4e90ac1: checks
*** RIVER *** [Ad Ks Kd As] [8s]
96f7c05a: bets $0.32
d4e90ac1: folds
Uncalled bet ($0.32) returned to 96f7c05a
*** SHOWDOWN ***
96f7c05a collected $0.61 from pot
*** SUMMARY ***
Total pot $0.64 | Rake $0.03 | Jackpot $0 | Bingo $0 | Fortune $0 | Tax $0
Board [Ad Ks Kd As 8s]
Seat 1: d4e90ac1 folded on the River
Seat 2: Hero folded before Flop (didn't bet)
Seat 3: c158749f folded before Flop (didn't bet)
Seat 4: 116fdc95 (button) folded before Flop (didn't bet)
Seat 5: 7a0bb2b3 (small blind) folded before Flop
Seat 6: 96f7c05a (big blind) won ($0.61)


Poker Hand #HD1730466025: Hold'em No Limit ($0.02/$0.05) - 2024/04/14 20:48:33
Table 'NLHBlue33' 6-max Seat #3 is the button
Seat 1: d4e90ac1 ($5.14 in chips)
Seat 2: Hero ($5.55 in chips)
Seat 3: c158749f ($5.59 in chips)
Seat 4: 116fdc95 ($6.38 in chips)
Seat 5: 7a0bb2b3 ($3.52 in chips)
Seat 6: 96f7c05a ($7.09 in chips)
116fdc95: posts small blind $0.02
7a0bb2b3: posts big blind $0.05
*** HOLE CARDS ***
Dealt to d4e90ac1 
Dealt to Hero [9h 3s]
Dealt to c158749f 
Dealt to 116fdc95 
Dealt to 7a0bb2b3 
Dealt to 96f7c05a 
96f7c05a: folds
d4e90ac1: folds
Hero: folds
c158749f: raises $0.08 to $0.13
116fdc95: folds
7a0bb2b3: folds
Uncalled bet ($0.08) returned to c158749f
*** SHOWDOWN ***
c158749f collected $0.12 from pot
*** SUMMARY ***
Total pot $0.12 | Rake $0 | Jackpot $0 | Bingo $0 | Fortune $0 | Tax $0
Seat 1: d4e90ac1 folded before Flop (didn't bet)
Seat 2: Hero folded before Flop (didn't bet)
Seat 3: c158749f (button) collected ($0.12)
Seat 4: 116fdc95 (small blind) folded before Flop
Seat 5: 7a0bb2b3 (big blind) folded before Flop
Seat 6: 96f7c05a folded before Flop (didn't bet)


Poker Hand #HD1730465935: Hold'em No Limit ($0.02/$0.05) - 2024/04/14 20:47:57
Table 'NLHBlue33' 6-max Seat #2 is the button
Seat 1: d4e90ac1 ($5.14 in chips)
Seat 2: Hero ($5.55 in chips)
Seat 3: c158749f ($5.61 in chips)
Seat 4: 116fdc95 ($6.53 in chips)
Seat 5: 7a0bb2b3 ($3.52 in chips)
Seat 6: 96f7c05a ($6.93 in chips)
c158749f: posts small blind $0.02
116fdc95: posts big blind $0.05
*** HOLE CARDS ***
Dealt to d4e90ac1 
Dealt to Hero [Qc 2s]
Dealt to c158749f 
Dealt to 116fdc95 
Dealt to 7a0bb2b3 
Dealt to 96f7c05a 
7a0bb2b3: folds
96f7c05a: raises $0.1 to $0.15
d4e90ac1: folds
Hero: folds
c158749f: folds
116fdc95: calls $0.1
*** FLOP *** [9d 9h 4d]
116fdc95: checks
96f7c05a: bets $0.24
116fdc95: folds
Uncalled bet ($0.24) returned to 96f7c05a
*** SHOWDOWN ***
96f7c05a collected $0.31 from pot
*** SUMMARY ***
Total pot $0.32 | Rake $0.01 | Jackpot $0 | Bingo $0 | Fortune $0 | Tax $0
Board [9d 9h 4d]
Seat 1: d4e90ac1 folded before Flop (didn't bet)
Seat 2: Hero (button) folded before Flop (didn't bet)
Seat 3: c158749f (small blind) folded before Flop
Seat 4: 116fdc95 (big blind) folded on the Flop
Seat 5: 7a0bb2b3 folded before Flop (didn't bet)
Seat 6: 96f7c05a won ($0.31)


Poker Hand #HD1730465849: Hold'em No Limit ($0.02/$0.05) - 2024/04/14 20:47:23
Table 'NLHBlue33' 6-max Seat #1 is the button
Seat 1: d4e90ac1 ($5.14 in chips)
Seat 2: Hero ($5.57 in chips)
Seat 3: c158749f ($5.66 in chips)
Seat 4: 116fdc95 ($6.46 in chips)
Seat 5: 7a0bb2b3 ($3.52 in chips)
Seat 6: 96f7c05a ($6.93 in chips)
Hero: posts small blind $0.02
c158749f: posts big blind $0.05
*** HOLE CARDS ***
Dealt to d4e90ac1 
Dealt to Hero [Kd 5h]
Dealt to c158749f 
Dealt to 116fdc95 
Dealt to 7a0bb2b3 
Dealt to 96f7c05a 
116fdc95: raises $0.06 to $0.11
7a0bb2b3: folds
96f7c05a: folds
d4e90ac1: folds
Hero: folds
c158749f: folds
Uncalled bet ($0.06) returned to 116fdc95
*** SHOWDOWN ***
116fdc95 collected $0.12 from pot
*** SUMMARY ***
Total pot $0.12 | Rake $0 | Jackpot $0 | Bingo $0 | Fortune $0 | Tax $0
Seat 1: d4e90ac1 (button) folded before Flop (didn't bet)
Seat 2: Hero (small blind) folded before Flop
Seat 3: c158749f (big blind) folded before Flop
Seat 4: 116fdc95 collected ($0.12)
Seat 5: 7a0bb2b3 folded before Flop (didn't bet)
Seat 6: 96f7c05a folded before Flop (didn't bet)


Poker Hand #HD1730465817: Hold'em No Limit ($0.02/$0.05) - 2024/04/14 20:47:09
Table 'NLHBlue33' 6-max Seat #6 is the button
Seat 1: d4e90ac1 ($5.16 in chips)
Seat 2: Hero ($5.62 in chips)
Seat 3: c158749f ($5.66 in chips)
Seat 4: 116fdc95 ($6.46 in chips)
Seat 5: 7a0bb2b3 ($3.52 in chips)
Seat 6: 96f7c05a ($6.86 in chips)
d4e90ac1: posts small blind $0.02
Hero: posts big blind $0.05
*** HOLE CARDS ***
Dealt to d4e90ac1 
Dealt to Hero [8s Jc]
Dealt to c158749f 
Dealt to 116fdc95 
Dealt to 7a0bb2b3 
Dealt to 96f7c05a 
c158749f: folds
116fdc95: folds
7a0bb2b3: folds
96f7c05a: raises $0.1 to $0.15
d4e90ac1: folds
Hero: folds
Uncalled bet ($0.1) returned to 96f7c05a
*** SHOWDOWN ***
96f7c05a collected $0.12 from pot
*** SUMMARY ***
Total pot $0.12 | Rake $0 | Jackpot $0 | Bingo $0 | Fortune $0 | Tax $0
Seat 1: d4e90ac1 (small blind) folded before Flop
Seat 2: Hero (big blind) folded before Flop
Seat 3: c158749f folded before Flop (didn't bet)
Seat 4: 116fdc95 folded before Flop (didn't bet)
Seat 5: 7a0bb2b3 folded before Flop (didn't bet)
Seat 6: 96f7c05a (button) collected ($0.12)


Poker Hand #HD1730465785: Hold'em No Limit ($0.02/$0.05) - 2024/04/14 20:46:57
Table 'NLHBlue33' 6-max Seat #5 is the button
Seat 1: d4e90ac1 ($5.14 in chips)
Seat 2: Hero ($5.62 in chips)
Seat 3: c158749f ($5.66 in chips)
Seat 4: 116fdc95 ($6.46 in chips)
Seat 5: 7a0bb2b3 ($3.52 in chips)
Seat 6: 96f7c05a ($6.88 in chips)
96f7c05a: posts small blind $0.02
d4e90ac1: posts big blind $0.05
*** HOLE CARDS ***
Dealt to d4e90ac1 
Dealt to Hero [7d Ks]
Dealt to c158749f 
Dealt to 116fdc95 
Dealt to 7a0bb2b3 
Dealt to 96f7c05a 
Hero: folds
c158749f: folds
116fdc95: folds
7a0bb2b3: folds
96f7c05a: folds
Uncalled bet ($0.03) returned to d4e90ac1
*** SHOWDOWN ***
d4e90ac1 collected $0.04 from pot
*** SUMMARY ***
Total pot $0.04 | Rake $0 | Jackpot $0 | Bingo $0 | Fortune $0 | Tax $0
Seat 1: d4e90ac1 (big blind) collected ($0.04)
Seat 2: Hero folded before Flop (didn't bet)
Seat 3: c158749f folded before Flop (didn't bet)
Seat 4: 116fdc95 folded before Flop (didn't bet)
Seat 5: 7a0bb2b3 (button) folded before Flop (didn't bet)
Seat 6: 96f7c05a (small blind) folded before Flop


Poker Hand #HD1730465753: Hold'em No Limit ($0.02/$0.05) - 2024/04/14 20:46:45
Table 'NLHBlue33' 6-max Seat #4 is the button
Seat 1: d4e90ac1 ($5.14 in chips)
Seat 2: Hero ($5.62 in chips)
Seat 3: c158749f ($5.59 in chips)
Seat 4: 116fdc95 ($6.46 in chips)
Seat 5: 7a0bb2b3 ($3.54 in chips)
Seat 6: 96f7c05a ($6.93 in chips)
7a0bb2b3: posts small blind $0.02
96f7c05a: posts big blind $0.05
*** HOLE CARDS ***
Dealt to d4e90ac1 
Dealt to Hero [5h Ad]
Dealt to c158749f 
Dealt to 116fdc95 
Dealt to 7a0bb2b3 
Dealt to 96f7c05a 
d4e90ac1: folds
Hero: folds
c158749f: raises $0.08 to $0.13
116fdc95: folds
7a0bb2b3: folds
96f7c05a: folds
Uncalled bet ($0.08) returned to c158749f
*** SHOWDOWN ***
c158749f collected $0.12 from pot
*** SUMMARY ***
Total pot $0.12 | Rake $0 | Jackpot $0 | Bingo $0 | Fortune $0 | Tax $0
Seat 1: d4e90ac1 folded before Flop (didn't bet)
Seat 2: Hero folded before Flop (didn't bet)
Seat 3: c158749f collected ($0.12)
Seat 4: 116fdc95 (button) folded before Flop (didn't bet)
Seat 5: 7a0bb2b3 (small blind) folded before Flop
Seat 6: 96f7c05a (big blind) folded before Flop


Poker Hand #HD1730465722: Hold'em No Limit ($0.02/$0.05) - 2024/04/14 20:46:30
Table 'NLHBlue33' 6-max Seat #3 is the button
Seat 1: d4e90ac1 ($5.14 in chips)
Seat 2: Hero ($5.62 in chips)
Seat 3: c158749f ($5.59 in chips)
Seat 4: 116fdc95 ($6.41 in chips)
Seat 5: 7a0bb2b3 ($3.59 in chips)
116fdc95: posts small blind $0.02
7a0bb2b3: posts big blind $0.05
*** HOLE CARDS ***
Dealt to d4e90ac1 
Dealt to Hero [2h Js]
Dealt to c158749f 
Dealt to 116fdc95 
Dealt to 7a0bb2b3 
d4e90ac1: folds
Hero: folds
c158749f: folds
116fdc95: raises $0.1 to $0.15
7a0bb2b3: folds
Uncalled bet ($0.1) returned to 116fdc95
*** SHOWDOWN ***
116fdc95 collected $0.1 from pot
*** SUMMARY ***
Total pot $0.1 | Rake $0 | Jackpot $0 | Bingo $0 | Fortune $0 | Tax $0
Seat 1: d4e90ac1 folded before Flop (didn't bet)
Seat 2: Hero folded before Flop (didn't bet)
Seat 3: c158749f (button) folded before Flop (didn't bet)
Seat 4: 116fdc95 (small blind) collected ($0.1)
Seat 5: 7a0bb2b3 (big blind) folded before Flop


Poker Hand #HD1730465670: Hold'em No Limit ($0.02/$0.05) - 2024/04/14 20:46:07
Table 'NLHBlue33' 6-max Seat #2 is the button
Seat 1: d4e90ac1 ($5.07 in chips)
Seat 2: Hero ($5.62 in chips)
Seat 3: c158749f ($5.61 in chips)
Seat 4: 116fdc95 ($6.46 in chips)
Seat 5: 7a0bb2b3 ($3.59 in chips)
c158749f: posts small blind $0.02
116fdc95: posts big blind $0.05
*** HOLE CARDS ***
Dealt to d4e90ac1 
Dealt to Hero [4h Kd]
Dealt to c158749f 
Dealt to 116fdc95 
Dealt to 7a0bb2b3 
7a0bb2b3: folds
d4e90ac1: raises $0.1 to $0.15
Hero: folds
c158749f: folds
116fdc95: folds
Uncalled bet ($0.1) returned to d4e90ac1
*** SHOWDOWN ***
d4e90ac1 collected $0.12 from pot
*** SUMMARY ***
Total pot $0.12 | Rake $0 | Jackpot $0 | Bingo $0 | Fortune $0 | Tax $0
Seat 1: d4e90ac1 collected ($0.12)
Seat 2: Hero (button) folded before Flop (didn't bet)
Seat 3: c158749f (small blind) folded before Flop
Seat 4: 116fdc95 (big blind) folded before Flop
Seat 5: 7a0bb2b3 folded before Flop (didn't bet)


Poker Hand #HD1730385638: Hold'em No Limit ($0.02/$0.05) - 2024/04/14 20:45:54
Table 'NLHBlue33' 6-max Seat #1 is the button
Seat 1: d4e90ac1 ($5 in chips)
Seat 2: Hero ($5.64 in chips)
Seat 3: c158749f ($5.66 in chips)
Seat 4: 116fdc95 ($6.46 in chips)
Seat 5: 7a0bb2b3 ($3.59 in chips)
Hero: posts small blind $0.02
c158749f: posts big blind $0.05
*** HOLE CARDS ***
Dealt to d4e90ac1 
Dealt to Hero [5c 2s]
Dealt to c158749f 
Dealt to 116fdc95 
Dealt to 7a0bb2b3 
116fdc95: folds
7a0bb2b3: folds
d4e90ac1: raises $0.1 to $0.15
Hero: folds
c158749f: folds
Uncalled bet ($0.1) returned to d4e90ac1
*** SHOWDOWN ***
d4e90ac1 collected $0.12 from pot
*** SUMMARY ***
Total pot $0.12 | Rake $0 | Jackpot $0 | Bingo $0 | Fortune $0 | Tax $0
Seat 1: d4e90ac1 (button) collected ($0.12)
Seat 2: Hero (small blind) folded before Flop
Seat 3: c158749f (big blind) folded before Flop
Seat 4: 116fdc95 folded before Flop (didn't bet)
Seat 5: 7a0bb2b3 folded before Flop (didn't bet)


Poker Hand #HD1730385585: Hold'em No Limit ($0.02/$0.05) - 2024/04/14 20:45:29
Table 'NLHBlue33' 6-max Seat #5 is the button
Seat 1: d4e90ac1 ($5 in chips)
Seat 2: Hero ($5.69 in chips)
Seat 3: c158749f ($5.66 in chips)
Seat 4: 116fdc95 ($6.39 in chips)
Seat 5: 7a0bb2b3 ($3.59 in chips)
d4e90ac1: posts small blind $0.02
Hero: posts big blind $0.05
*** HOLE CARDS ***
Dealt to d4e90ac1 
Dealt to Hero [6c 3c]
Dealt to c158749f 
Dealt to 116fdc95 
Dealt to 7a0bb2b3 
c158749f: folds
116fdc95: raises $0.06 to $0.11
7a0bb2b3: folds
d4e90ac1: folds
Hero: folds
Uncalled bet ($0.06) returned to 116fdc95
*** SHOWDOWN ***
116fdc95 collected $0.12 from pot
*** SUMMARY ***
Total pot $0.12 | Rake $0 | Jackpot $0 | Bingo $0 | Fortune $0 | Tax $0
Seat 1: d4e90ac1 (small blind) folded before Flop
Seat 2: Hero (big blind) folded before Flop
Seat 3: c158749f folded before Flop (didn't bet)
Seat 4: 116fdc95 collected ($0.12)
Seat 5: 7a0bb2b3 (button) folded before Flop (didn't bet)


Poker Hand #HD1730385528: Hold'em No Limit ($0.02/$0.05) - 2024/04/14 20:45:05
Table 'NLHBlue33' 6-max Seat #4 is the button
Seat 1: d4e90ac1 ($5.05 in chips)
Seat 2: Hero ($5.79 in chips)
Seat 3: c158749f ($5.5 in chips)
Seat 4: 116fdc95 ($6.39 in chips)
Seat 5: 7a0bb2b3 ($3.61 in chips)
7a0bb2b3: posts small blind $0.02
d4e90ac1: posts big blind $0.05
*** HOLE CARDS ***
Dealt to d4e90ac1 
Dealt to Hero [Tc 9c]
Dealt to c158749f 
Dealt to 116fdc95 
Dealt to 7a0bb2b3 
Hero: raises $0.05 to $0.1
c158749f: raises $0.35 to $0.45
116fdc95: folds
7a0bb2b3: folds
d4e90ac1: folds
Hero: folds
Uncalled bet ($0.35) returned to c158749f
*** SHOWDOWN ***
c158749f collected $0.26 from pot
*** SUMMARY ***
Total pot $0.27 | Rake $0.01 | Jackpot $0 | Bingo $0 | Fortune $0 | Tax $0
Seat 1: d4e90ac1 (big blind) folded before Flop
Seat 2: Hero folded before Flop
Seat 3: c158749f collected ($0.26)
Seat 4: 116fdc95 (button) folded before Flop (didn't bet)
Seat 5: 7a0bb2b3 (small blind) folded before Flop


Poker Hand #HD1730385490: Hold'em No Limit ($0.02/$0.05) - 2024/04/14 20:44:50
Table 'NLHBlue33' 6-max Seat #3 is the button
Seat 1: d4e90ac1 ($5.05 in chips)
Seat 2: Hero ($5.72 in chips)
Seat 3: c158749f ($5.5 in chips)
Seat 4: 116fdc95 ($6.41 in chips)
Seat 5: 7a0bb2b3 ($3.66 in chips)
116fdc95: posts small blind $0.02
7a0bb2b3: posts big blind $0.05
*** HOLE CARDS ***
Dealt to d4e90ac1 
Dealt to Hero [9s 9d]
Dealt to c158749f 
Dealt to 116fdc95 
Dealt to 7a0bb2b3 
d4e90ac1: folds
Hero: raises $0.07 to $0.12
c158749f: folds
116fdc95: folds
7a0bb2b3: folds
Uncalled bet ($0.07) returned to Hero
*** SHOWDOWN ***
Hero collected $0.12 from pot
*** SUMMARY ***
Total pot $0.12 | Rake $0 | Jackpot $0 | Bingo $0 | Fortune $0 | Tax $0
Seat 1: d4e90ac1 folded before Flop (didn't bet)
Seat 2: Hero collected ($0.12)
Seat 3: c158749f (button) folded before Flop (didn't bet)
Seat 4: 116fdc95 (small blind) folded before Flop
Seat 5: 7a0bb2b3 (big blind) folded before Flop


Poker Hand #HD1730385474: Hold'em No Limit ($0.02/$0.05) - 2024/04/14 20:44:40
Table 'NLHBlue33' 6-max Seat #2 is the button
Seat 1: d4e90ac1 ($5.05 in chips)
Seat 2: Hero ($5.72 in chips)
Seat 3: c158749f ($5.52 in chips)
Seat 4: 116fdc95 ($6.46 in chips)
Seat 5: 7a0bb2b3 ($3.59 in chips)
c158749f: posts small blind $0.02
116fdc95: posts big blind $0.05
*** HOLE CARDS ***
Dealt to d4e90ac1 
Dealt to Hero [8c 5d]
Dealt to c158749f 
Dealt to 116fdc95 
Dealt to 7a0bb2b3 
7a0bb2b3: raises $0.05 to $0.1
d4e90ac1: folds
Hero: folds
c158749f: folds
116fdc95: folds
Uncalled bet ($0.05) returned to 7a0bb2b3
*** SHOWDOWN ***
7a0bb2b3 collected $0.12 from pot
*** SUMMARY ***
Total pot $0.12 | Rake $0 | Jackpot $0 | Bingo $0 | Fortune $0 | Tax $0
Seat 1: d4e90ac1 folded before Flop (didn't bet)
Seat 2: Hero (button) folded before Flop (didn't bet)
Seat 3: c158749f (small blind) folded before Flop
Seat 4: 116fdc95 (big blind) folded before Flop
Seat 5: 7a0bb2b3 collected ($0.12)


Poker Hand #HD1730385437: Hold'em No Limit ($0.02/$0.05) - 2024/04/14 20:44:24
Table 'NLHBlue33' 6-max Seat #1 is the button
Seat 1: d4e90ac1 ($5.05 in chips)
Seat 2: Hero ($5.74 in chips)
Seat 3: c158749f ($5.57 in chips)
Seat 4: 116fdc95 ($6.46 in chips)
Seat 5: 7a0bb2b3 ($3.52 in chips)
Hero: posts small blind $0.02
c158749f: posts big blind $0.05
*** HOLE CARDS ***
Dealt to d4e90ac1 
Dealt to Hero [6d 6c]
Dealt to c158749f 
Dealt to 116fdc95 
Dealt to 7a0bb2b3 
116fdc95: folds
7a0bb2b3: raises $0.1 to $0.15
d4e90ac1: folds
Hero: folds
c158749f: folds
Uncalled bet ($0.1) returned to 7a0bb2b3
*** SHOWDOWN ***
7a0bb2b3 collected $0.12 from pot
*** SUMMARY ***
Total pot $0.12 | Rake $0 | Jackpot $0 | Bingo $0 | Fortune $0 | Tax $0
Seat 1: d4e90ac1 (button) folded before Flop (didn't bet)
Seat 2: Hero (small blind) folded before Flop
Seat 3: c158749f (big blind) folded before Flop
Seat 4: 116fdc95 folded before Flop (didn't bet)
Seat 5: 7a0bb2b3 collected ($0.12)


Poker Hand #HD1730385412: Hold'em No Limit ($0.02/$0.05) - 2024/04/14 20:44:13
Table 'NLHBlue33' 6-max Seat #5 is the button
Seat 1: d4e90ac1 ($5.07 in chips)
Seat 2: Hero ($5.79 in chips)
Seat 3: c158749f ($5.57 in chips)
Seat 4: 116fdc95 ($6.39 in chips)
Seat 5: 7a0bb2b3 ($3.52 in chips)
d4e90ac1: posts small blind $0.02
Hero: posts big blind $0.05
*** HOLE CARDS ***
Dealt to d4e90ac1 
Dealt to Hero [4s 2c]
Dealt to c158749f 
Dealt to 116fdc95 
Dealt to 7a0bb2b3 
c158749f: folds
116fdc95: raises $0.06 to $0.11
7a0bb2b3: folds
d4e90ac1: folds
Hero: folds
Uncalled bet ($0.06) returned to 116fdc95
*** SHOWDOWN ***
116fdc95 collected $0.12 from pot
*** SUMMARY ***
Total pot $0.12 | Rake $0 | Jackpot $0 | Bingo $0 | Fortune $0 | Tax $0
Seat 1: d4e90ac1 (small blind) folded before Flop
Seat 2: Hero (big blind) folded before Flop
Seat 3: c158749f folded before Flop (didn't bet)
Seat 4: 116fdc95 collected ($0.12)
Seat 5: 7a0bb2b3 (button) folded before Flop (didn't bet)


Poker Hand #HD1730385395: Hold'em No Limit ($0.02/$0.05) - 2024/04/14 20:44:05
Table 'NLHBlue33' 6-max Seat #4 is the button
Seat 1: d4e90ac1 ($5.12 in chips)
Seat 2: Hero ($5.79 in chips)
Seat 3: c158749f ($5.5 in chips)
Seat 4: 116fdc95 ($6.39 in chips)
Seat 5: 7a0bb2b3 ($3.54 in chips)
7a0bb2b3: posts small blind $0.02
d4e90ac1: posts big blind $0.05
*** HOLE CARDS ***
Dealt to d4e90ac1 
Dealt to Hero [2d Ts]
Dealt to c158749f 
Dealt to 116fdc95 
Dealt to 7a0bb2b3 
Hero: folds
c158749f: raises $0.08 to $0.13
116fdc95: folds
7a0bb2b3: folds
d4e90ac1: folds
Uncalled bet ($0.08) returned to c158749f
*** SHOWDOWN ***
c158749f collected $0.12 from pot
*** SUMMARY ***
Total pot $0.12 | Rake $0 | Jackpot $0 | Bingo $0 | Fortune $0 | Tax $0
Seat 1: d4e90ac1 (big blind) folded before Flop
Seat 2: Hero folded before Flop (didn't bet)
Seat 3: c158749f collected ($0.12)
Seat 4: 116fdc95 (button) folded before Flop (didn't bet)
Seat 5: 7a0bb2b3 (small blind) folded before Flop


Poker Hand #HD1730385261: Hold'em No Limit ($0.02/$0.05) - 2024/04/14 20:42:59
Table 'NLHBlue33' 6-max Seat #3 is the button
Seat 1: d4e90ac1 ($5.12 in chips)
Seat 2: Hero ($5.79 in chips)
Seat 3: c158749f ($5.5 in chips)
Seat 4: 116fdc95 ($5.97 in chips)
Seat 5: 7a0bb2b3 ($4 in chips)
116fdc95: posts small blind $0.02
7a0bb2b3: posts big blind $0.05
*** HOLE CARDS ***
Dealt to d4e90ac1 
Dealt to Hero [6c 3c]
Dealt to c158749f 
Dealt to 116fdc95 
Dealt to 7a0bb2b3 
d4e90ac1: folds
Hero: folds
c158749f: folds
116fdc95: raises $0.1 to $0.15
7a0bb2b3: calls $0.1
*** FLOP *** [2d 8s Kc]
116fdc95: bets $0.08
7a0bb2b3: calls $0.08
*** TURN *** [2d 8s Kc] [Kd]
116fdc95: checks
7a0bb2b3: bets $0.23
116fdc95: calls $0.23
*** RIVER *** [2d 8s Kc Kd] [3s]
116fdc95: checks
7a0bb2b3: checks
116fdc95: shows [Td Tc] (Pair of Kings and Pair of Tens)
7a0bb2b3: shows [9d Ad] (Pair of Kings)
*** SHOWDOWN ***
116fdc95 collected $0.88 from pot
*** SUMMARY ***
Total pot $0.92 | Rake $0.04 | Jackpot $0 | Bingo $0 | Fortune $0 | Tax $0
Board [2d 8s Kc Kd 3s]
Seat 1: d4e90ac1 folded before Flop (didn't bet)
Seat 2: Hero folded before Flop (didn't bet)
Seat 3: c158749f (button) folded before Flop (didn't bet)
Seat 4: 116fdc95 (small blind) showed [Td Tc] and won ($0.88) with Pair of Kings and Pair of Tens
Seat 5: 7a0bb2b3 (big blind) showed [9d Ad] and lost with Pair of Kings


Poker Hand #HD1730385235: Hold'em No Limit ($0.02/$0.05) - 2024/04/14 20:42:47
Table 'NLHBlue33' 6-max Seat #2 is the button
Seat 1: d4e90ac1 ($5.12 in chips)
Seat 2: Hero ($5.72 in chips)
Seat 3: c158749f ($5.52 in chips)
Seat 4: 116fdc95 ($6.02 in chips)
Seat 5: 7a0bb2b3 ($4 in chips)
c158749f: posts small blind $0.02
116fdc95: posts big blind $0.05
*** HOLE CARDS ***
Dealt to d4e90ac1 
Dealt to Hero [Ts Jd]
Dealt to c158749f 
Dealt to 116fdc95 
Dealt to 7a0bb2b3 
7a0bb2b3: folds
d4e90ac1: folds
Hero: raises $0.07 to $0.12
c158749f: folds
116fdc95: folds
Uncalled bet ($0.07) returned to Hero
*** SHOWDOWN ***
Hero collected $0.12 from pot
*** SUMMARY ***
Total pot $0.12 | Rake $0 | Jackpot $0 | Bingo $0 | Fortune $0 | Tax $0
Seat 1: d4e90ac1 folded before Flop (didn't bet)
Seat 2: Hero (button) collected ($0.12)
Seat 3: c158749f (small blind) folded before Flop
Seat 4: 116fdc95 (big blind) folded before Flop
Seat 5: 7a0bb2b3 folded before Flop (didn't bet)


Poker Hand #HD1730385210: Hold'em No Limit ($0.02/$0.05) - 2024/04/14 20:42:38
Table 'NLHBlue33' 6-max Seat #1 is the button
Seat 1: d4e90ac1 ($5.12 in chips)
Seat 2: Hero ($5.74 in chips)
Seat 3: c158749f ($5.5 in chips)
Seat 4: 116fdc95 ($6.02 in chips)
Seat 5: 7a0bb2b3 ($4 in chips)
Hero: posts small blind $0.02
c158749f: posts big blind $0.05
*** HOLE CARDS ***
Dealt to d4e90ac1 
Dealt to Hero [7c 4d]
Dealt to c158749f 
Dealt to 116fdc95 
Dealt to 7a0bb2b3 
116fdc95: folds
7a0bb2b3: folds
d4e90ac1: folds
Hero: folds
Uncalled bet ($0.03) returned to c158749f
*** SHOWDOWN ***
c158749f collected $0.04 from pot
*** SUMMARY ***
Total pot $0.04 | Rake $0 | Jackpot $0 | Bingo $0 | Fortune $0 | Tax $0
Seat 1: d4e90ac1 (button) folded before Flop (didn't bet)
Seat 2: Hero (small blind) folded before Flop
Seat 3: c158749f (big blind) collected ($0.04)
Seat 4: 116fdc95 folded before Flop (didn't bet)
Seat 5: 7a0bb2b3 folded before Flop (didn't bet)


Poker Hand #HD1730385189: Hold'em No Limit ($0.02/$0.05) - 2024/04/14 20:42:31
Table 'NLHBlue33' 6-max Seat #5 is the button
Seat 1: d4e90ac1 ($5.14 in chips)
Seat 2: Hero ($5.72 in chips)
Seat 3: c158749f ($5.5 in chips)
Seat 4: 116fdc95 ($6.02 in chips)
Seat 5: 7a0bb2b3 ($4 in chips)
d4e90ac1: posts small blind $0.02
Hero: posts big blind $0.05
*** HOLE CARDS ***
Dealt to d4e90ac1 
Dealt to Hero [3s 6h]
Dealt to c158749f 
Dealt to 116fdc95 
Dealt to 7a0bb2b3 
c158749f: folds
116fdc95: folds
7a0bb2b3: folds
d4e90ac1: folds
Uncalled bet ($0.03) returned to Hero
*** SHOWDOWN ***
Hero collected $0.04 from pot
*** SUMMARY ***
Total pot $0.04 | Rake $0 | Jackpot $0 | Bingo $0 | Fortune $0 | Tax $0
Seat 1: d4e90ac1 (small blind) folded before Flop
Seat 2: Hero (big blind) collected ($0.04)
Seat 3: c158749f folded before Flop (didn't bet)
Seat 4: 116fdc95 folded before Flop (didn't bet)
Seat 5: 7a0bb2b3 (button) folded before Flop (didn't bet)


Poker Hand #HD1730385163: Hold'em No Limit ($0.02/$0.05) - 2024/04/14 20:42:20
Table 'NLHBlue33' 6-max Seat #4 is the button
Seat 1: d4e90ac1 ($5.19 in chips)
Seat 2: Hero ($5.72 in chips)
Seat 3: c158749f ($5.5 in chips)
Seat 4: 116fdc95 ($5.95 in chips)
Seat 5: 7a0bb2b3 ($4.02 in chips)
7a0bb2b3: posts small blind $0.02
d4e90ac1: posts big blind $0.05
*** HOLE CARDS ***
Dealt to d4e90ac1 
Dealt to Hero [6d Jd]
Dealt to c158749f 
Dealt to 116fdc95 
Dealt to 7a0bb2b3 
Hero: folds
c158749f: folds
116fdc95: raises $0.06 to $0.11
7a0bb2b3: folds
d4e90ac1: folds
Uncalled bet ($0.06) returned to 116fdc95
*** SHOWDOWN ***
116fdc95 collected $0.12 from pot
*** SUMMARY ***
Total pot $0.12 | Rake $0 | Jackpot $0 | Bingo $0 | Fortune $0 | Tax $0
Seat 1: d4e90ac1 (big blind) folded before Flop
Seat 2: Hero folded before Flop (didn't bet)
Seat 3: c158749f folded before Flop (didn't bet)
Seat 4: 116fdc95 (button) collected ($0.12)
Seat 5: 7a0bb2b3 (small blind) folded before Flop


Poker Hand #HD1730385138: Hold'em No Limit ($0.02/$0.05) - 2024/04/14 20:42:09
Table 'NLHBlue33' 6-max Seat #3 is the button
Seat 1: d4e90ac1 ($5.19 in chips)
Seat 2: Hero ($5.72 in chips)
Seat 3: c158749f ($5.5 in chips)
Seat 4: 116fdc95 ($5.97 in chips)
Seat 5: 7a0bb2b3 ($4.07 in chips)
Seat 6: 96f7c05a ($6.86 in chips)
116fdc95: posts small blind $0.02
7a0bb2b3: posts big blind $0.05
*** HOLE CARDS ***
Dealt to d4e90ac1 
Dealt to Hero [8s Kc]
Dealt to c158749f 
Dealt to 116fdc95 
Dealt to 7a0bb2b3 
Dealt to 96f7c05a 
96f7c05a: raises $0.1 to $0.15
d4e90ac1: folds
Hero: folds
c158749f: folds
116fdc95: folds
7a0bb2b3: folds
Uncalled bet ($0.1) returned to 96f7c05a
*** SHOWDOWN ***
96f7c05a collected $0.12 from pot
*** SUMMARY ***
Total pot $0.12 | Rake $0 | Jackpot $0 | Bingo $0 | Fortune $0 | Tax $0
Seat 1: d4e90ac1 folded before Flop (didn't bet)
Seat 2: Hero folded before Flop (didn't bet)
Seat 3: c158749f (button) folded before Flop (didn't bet)
Seat 4: 116fdc95 (small blind) folded before Flop
Seat 5: 7a0bb2b3 (big blind) folded before Flop
Seat 6: 96f7c05a collected ($0.12)


Poker Hand #HD1730385079: Hold'em No Limit ($0.02/$0.05) - 2024/04/14 20:41:44
Table 'NLHBlue33' 6-max Seat #2 is the button
Seat 1: d4e90ac1 ($5.19 in chips)
Seat 2: Hero ($5.72 in chips)
Seat 3: c158749f ($5.52 in chips)
Seat 4: 116fdc95 ($6.02 in chips)
Seat 5: 7a0bb2b3 ($4.17 in chips)
Seat 6: 96f7c05a ($6.7 in chips)
c158749f: posts small blind $0.02
116fdc95: posts big blind $0.05
*** HOLE CARDS ***
Dealt to d4e90ac1 
Dealt to Hero [Qc 4h]
Dealt to c158749f 
Dealt to 116fdc95 
Dealt to 7a0bb2b3 
Dealt to 96f7c05a 
7a0bb2b3: raises $0.05 to $0.1
96f7c05a: raises $0.35 to $0.45
d4e90ac1: folds
Hero: folds
c158749f: folds
116fdc95: folds
7a0bb2b3: folds
Uncalled bet ($0.35) returned to 96f7c05a
*** SHOWDOWN ***
96f7c05a collected $0.26 from pot
*** SUMMARY ***
Total pot $0.27 | Rake $0.01 | Jackpot $0 | Bingo $0 | Fortune $0 | Tax $0
Seat 1: d4e90ac1 folded before Flop (didn't bet)
Seat 2: Hero (button) folded before Flop (didn't bet)
Seat 3: c158749f (small blind) folded before Flop
Seat 4: 116fdc95 (big blind) folded before Flop
Seat 5: 7a0bb2b3 folded before Flop
Seat 6: 96f7c05a collected ($0.26)


Poker Hand #HD1730385015: Hold'em No Limit ($0.02/$0.05) - 2024/04/14 20:41:13
Table 'NLHBlue33' 6-max Seat #1 is the button
Seat 1: d4e90ac1 ($5.19 in chips)
Seat 2: Hero ($5.74 in chips)
Seat 3: c158749f ($5 in chips)
Seat 4: 116fdc95 ($6.02 in chips)
Seat 5: 7a0bb2b3 ($4.72 in chips)
Seat 6: 96f7c05a ($6.7 in chips)
Hero: posts small blind $0.02
c158749f: posts big blind $0.05
*** HOLE CARDS ***
Dealt to d4e90ac1 
Dealt to Hero [2c Ks]
Dealt to c158749f 
Dealt to 116fdc95 
Dealt to 7a0bb2b3 
Dealt to 96f7c05a 
116fdc95: folds
7a0bb2b3: raises $0.1 to $0.15
96f7c05a: folds
d4e90ac1: folds
Hero: folds
c158749f: raises $0.4 to $0.55
7a0bb2b3: calls $0.4
*** FLOP *** [4d Td Js]
c158749f: bets $0.61
7a0bb2b3: folds
Uncalled bet ($0.61) returned to c158749f
*** SHOWDOWN ***
c158749f collected $1.07 from pot
*** SUMMARY ***
Total pot $1.12 | Rake $0.05 | Jackpot $0 | Bingo $0 | Fortune $0 | Tax $0
Board [4d Td Js]
Seat 1: d4e90ac1 (button) folded before Flop (didn't bet)
Seat 2: Hero (small blind) folded before Flop
Seat 3: c158749f (big blind) won ($1.07)
Seat 4: 116fdc95 folded before Flop (didn't bet)
Seat 5: 7a0bb2b3 folded on the Flop
Seat 6: 96f7c05a folded before Flop (didn't bet)


Poker Hand #HD1730384983: Hold'em No Limit ($0.02/$0.05) - 2024/04/14 20:40:59
Table 'NLHBlue33' 6-max Seat #6 is the button
Seat 1: d4e90ac1 ($5.21 in chips)
Seat 2: Hero ($5.79 in chips)
Seat 4: 116fdc95 ($6.02 in chips)
Seat 5: 7a0bb2b3 ($4.72 in chips)
Seat 6: 96f7c05a ($6.63 in chips)
d4e90ac1: posts small blind $0.02
Hero: posts big blind $0.05
*** HOLE CARDS ***
Dealt to d4e90ac1 
Dealt to Hero [2s Kd]
Dealt to 116fdc95 
Dealt to 7a0bb2b3 
Dealt to 96f7c05a 
116fdc95: folds
7a0bb2b3: folds
96f7c05a: raises $0.1 to $0.15
d4e90ac1: folds
Hero: folds
Uncalled bet ($0.1) returned to 96f7c05a
*** SHOWDOWN ***
96f7c05a collected $0.12 from pot
*** SUMMARY ***
Total pot $0.12 | Rake $0 | Jackpot $0 | Bingo $0 | Fortune $0 | Tax $0
Seat 1: d4e90ac1 (small blind) folded before Flop
Seat 2: Hero (big blind) folded before Flop
Seat 4: 116fdc95 folded before Flop (didn't bet)
Seat 5: 7a0bb2b3 folded before Flop (didn't bet)
Seat 6: 96f7c05a (button) collected ($0.12)


Poker Hand #HD1730384915: Hold'em No Limit ($0.02/$0.05) - 2024/04/14 20:40:25
Table 'NLHBlue33' 6-max Seat #5 is the button
Seat 1: d4e90ac1 ($5.26 in chips)
Seat 2: Hero ($5.61 in chips)
Seat 4: 116fdc95 ($6.02 in chips)
Seat 5: 7a0bb2b3 ($4.84 in chips)
Seat 6: 96f7c05a ($6.65 in chips)
96f7c05a: posts small blind $0.02
d4e90ac1: posts big blind $0.05
*** HOLE CARDS ***
Dealt to d4e90ac1 
Dealt to Hero [Jh Ah]
Dealt to 116fdc95 
Dealt to 7a0bb2b3 
Dealt to 96f7c05a 
Hero: raises $0.07 to $0.12
116fdc95: folds
7a0bb2b3: calls $0.12
96f7c05a: folds
d4e90ac1: folds
*** FLOP *** [7s Qh 4s]
Hero: checks
7a0bb2b3: checks
*** TURN *** [7s Qh 4s] [7h]
Hero: bets $0.15
7a0bb2b3: folds
Uncalled bet ($0.15) returned to Hero
*** SHOWDOWN ***
Hero collected $0.3 from pot
*** SUMMARY ***
Total pot $0.31 | Rake $0.01 | Jackpot $0 | Bingo $0 | Fortune $0 | Tax $0
Board [7s Qh 4s 7h]
Seat 1: d4e90ac1 (big blind) folded before Flop
Seat 2: Hero won ($0.3)
Seat 4: 116fdc95 folded before Flop (didn't bet)
Seat 5: 7a0bb2b3 (button) folded on the Turn
Seat 6: 96f7c05a (small blind) folded before Flop


Poker Hand #HD1730384889: Hold'em No Limit ($0.02/$0.05) - 2024/04/14 20:40:13
Table 'NLHBlue33' 6-max Seat #4 is the button
Seat 1: d4e90ac1 ($5.26 in chips)
Seat 2: Hero ($5.61 in chips)
Seat 4: 116fdc95 ($6.02 in chips)
Seat 5: 7a0bb2b3 ($4.86 in chips)
Seat 6: 96f7c05a ($6.63 in chips)
7a0bb2b3: posts small blind $0.02
96f7c05a: posts big blind $0.05
*** HOLE CARDS ***
Dealt to d4e90ac1 
Dealt to Hero [3s 2d]
Dealt to 116fdc95 
Dealt to 7a0bb2b3 
Dealt to 96f7c05a 
d4e90ac1: folds
Hero: folds
116fdc95: folds
7a0bb2b3: folds
Uncalled bet ($0.03) returned to 96f7c05a
*** SHOWDOWN ***
96f7c05a collected $0.04 from pot
*** SUMMARY ***
Total pot $0.04 | Rake $0 | Jackpot $0 | Bingo $0 | Fortune $0 | Tax $0
Seat 1: d4e90ac1 folded before Flop (didn't bet)
Seat 2: Hero folded before Flop (didn't bet)
Seat 4: 116fdc95 (button) folded before Flop (didn't bet)
Seat 5: 7a0bb2b3 (small blind) folded before Flop
Seat 6: 96f7c05a (big blind) collected ($0.04)


Poker Hand #HD1730384751: Hold'em No Limit ($0.02/$0.05) - 2024/04/14 20:39:09
Table 'NLHBlue33' 6-max Seat #2 is the button
Seat 1: d4e90ac1 ($5.26 in chips)
Seat 2: Hero ($5 in chips)
Seat 4: 116fdc95 ($6.04 in chips)
Seat 5: 7a0bb2b3 ($5.51 in chips)
Seat 6: 96f7c05a ($6.63 in chips)
116fdc95: posts small blind $0.02
7a0bb2b3: posts big blind $0.05
*** HOLE CARDS ***
Dealt to d4e90ac1 
Dealt to Hero [Qd Ac]
Dealt to 116fdc95 
Dealt to 7a0bb2b3 
Dealt to 96f7c05a 
96f7c05a: folds
d4e90ac1: folds
Hero: raises $0.07 to $0.12
116fdc95: folds
7a0bb2b3: calls $0.07
*** FLOP *** [Kc 3c Qc]
7a0bb2b3: bets $0.2
Hero: calls $0.2
*** TURN *** [Kc 3c Qc] [3h]
7a0bb2b3: bets $0.33
Hero: calls $0.33
*** RIVER *** [Kc 3c Qc 3h] [Tc]
7a0bb2b3: checks
Hero: bets $0.84
7a0bb2b3: folds
Uncalled bet ($0.84) returned to Hero
*** SHOWDOWN ***
Hero collected $1.26 from pot
*** SUMMARY ***
Total pot $1.32 | Rake $0.06 | Jackpot $0 | Bingo $0 | Fortune $0 | Tax $0
Board [Kc 3c Qc 3h Tc]
Seat 1: d4e90ac1 folded before Flop (didn't bet)
Seat 2: Hero (button) won ($1.26)
Seat 4: 116fdc95 (small blind) folded before Flop
Seat 5: 7a0bb2b3 (big blind) folded on the River
Seat 6: 96f7c05a folded before Flop (didn't bet)


Poker Hand #HD1730384729: Hold'em No Limit ($0.02/$0.05) - 2024/04/14 20:38:59
Table 'NLHBlue33' 6-max Seat #1 is the button
Seat 1: d4e90ac1 ($5.26 in chips)
Seat 2: Hero ($5.02 in chips)
Seat 4: 116fdc95 ($6.09 in chips)
Seat 5: 7a0bb2b3 ($5.44 in chips)
Seat 6: 96f7c05a ($6.63 in chips)
Hero: posts small blind $0.02
116fdc95: posts big blind $0.05
*** HOLE CARDS ***
Dealt to d4e90ac1 
Dealt to Hero [3c Td]
Dealt to 116fdc95 
Dealt to 7a0bb2b3 
Dealt to 96f7c05a 
7a0bb2b3: raises $0.05 to $0.1
96f7c05a: folds
d4e90ac1: folds
Hero: folds
116fdc95: folds
Uncalled bet ($0.05) returned to 7a0bb2b3
*** SHOWDOWN ***
7a0bb2b3 collected $0.12 from pot
*** SUMMARY ***
Total pot $0.12 | Rake $0 | Jackpot $0 | Bingo $0 | Fortune $0 | Tax $0
Seat 1: d4e90ac1 (button) folded before Flop (didn't bet)
Seat 2: Hero (small blind) folded before Flop
Seat 4: 116fdc95 (big blind) folded before Flop
Seat 5: 7a0bb2b3 collected ($0.12)
Seat 6: 96f7c05a folded before Flop (didn't bet)


Poker Hand #HD1730384708: Hold'em No Limit ($0.02/$0.05) - 2024/04/14 20:38:49
Table 'NLHBlue33' 6-max Seat #6 is the button
Seat 1: d4e90ac1 ($5.21 in chips)
Seat 2: Hero ($5.07 in chips)
Seat 4: 116fdc95 ($6.09 in chips)
Seat 5: 7a0bb2b3 ($5.44 in chips)
Seat 6: 96f7c05a ($6.63 in chips)
d4e90ac1: posts small blind $0.02
Hero: posts big blind $0.05
*** HOLE CARDS ***
Dealt to d4e90ac1 
Dealt to Hero [5s Jh]
Dealt to 116fdc95 
Dealt to 7a0bb2b3 
Dealt to 96f7c05a 
116fdc95: folds
7a0bb2b3: folds
96f7c05a: folds
d4e90ac1: raises $0.1 to $0.15
Hero: folds
Uncalled bet ($0.1) returned to d4e90ac1
*** SHOWDOWN ***
d4e90ac1 collected $0.1 from pot
*** SUMMARY ***
Total pot $0.1 | Rake $0 | Jackpot $0 | Bingo $0 | Fortune $0 | Tax $0
Seat 1: d4e90ac1 (small blind) collected ($0.1)
Seat 2: Hero (big blind) folded before Flop
Seat 4: 116fdc95 folded before Flop (didn't bet)
Seat 5: 7a0bb2b3 folded before Flop (didn't bet)
Seat 6: 96f7c05a (button) folded before Flop (didn't bet)


Poker Hand #HD1730384693: Hold'em No Limit ($0.02/$0.05) - 2024/04/14 20:38:41
Table 'NLHBlue33' 6-max Seat #5 is the button
Seat 1: d4e90ac1 ($5.19 in chips)
Seat 2: Hero ($5.07 in chips)
Seat 4: 116fdc95 ($6.09 in chips)
Seat 5: 7a0bb2b3 ($5.44 in chips)
Seat 6: 96f7c05a ($6.65 in chips)
96f7c05a: posts small blind $0.02
d4e90ac1: posts big blind $0.05
*** HOLE CARDS ***
Dealt to d4e90ac1 
Dealt to Hero [2d 6c]
Dealt to 116fdc95 
Dealt to 7a0bb2b3 
Dealt to 96f7c05a 
Hero: folds
116fdc95: folds
7a0bb2b3: folds
96f7c05a: folds
Uncalled bet ($0.03) returned to d4e90ac1
*** SHOWDOWN ***
d4e90ac1 collected $0.04 from pot
*** SUMMARY ***
Total pot $0.04 | Rake $0 | Jackpot $0 | Bingo $0 | Fortune $0 | Tax $0
Seat 1: d4e90ac1 (big blind) collected ($0.04)
Seat 2: Hero folded before Flop (didn't bet)
Seat 4: 116fdc95 folded before Flop (didn't bet)
Seat 5: 7a0bb2b3 (button) folded before Flop (didn't bet)
Seat 6: 96f7c05a (small blind) folded before Flop


Poker Hand #HD1730384654: Hold'em No Limit ($0.02/$0.05) - 2024/04/14 20:38:22
Table 'NLHBlue33' 6-max Seat #4 is the button
Seat 1: d4e90ac1 ($5.19 in chips)
Seat 2: Hero ($5 in chips)
Seat 4: 116fdc95 ($6.09 in chips)
Seat 5: 7a0bb2b3 ($5.46 in chips)
Seat 6: 96f7c05a ($6.7 in chips)
7a0bb2b3: posts small blind $0.02
96f7c05a: posts big blind $0.05
*** HOLE CARDS ***
Dealt to d4e90ac1 
Dealt to Hero [Kh Tc]
Dealt to 116fdc95 
Dealt to 7a0bb2b3 
Dealt to 96f7c05a 
d4e90ac1: folds
Hero: raises $0.07 to $0.12
116fdc95: folds
7a0bb2b3: folds
96f7c05a: folds
Uncalled bet ($0.07) returned to Hero
*** SHOWDOWN ***
Hero collected $0.12 from pot
*** SUMMARY ***
Total pot $0.12 | Rake $0 | Jackpot $0 | Bingo $0 | Fortune $0 | Tax $0
Seat 1: d4e90ac1 folded before Flop (didn't bet)
Seat 2: Hero collected ($0.12)
Seat 4: 116fdc95 (button) folded before Flop (didn't bet)
Seat 5: 7a0bb2b3 (small blind) folded before Flop
Seat 6: 96f7c05a (big blind) folded before Flop


Poker Hand #HD1730384555: Hold'em No Limit ($0.02/$0.05) - 2024/04/14 20:37:46
Table 'NLHBlue33' 6-max Seat #2 is the button
Seat 1: d4e90ac1 ($5 in chips)
Seat 2: Hero ($5 in chips)
Seat 4: 116fdc95 ($6.24 in chips)
Seat 5: 7a0bb2b3 ($5.51 in chips)
Seat 6: 96f7c05a ($6.7 in chips)
116fdc95: posts small blind $0.02
7a0bb2b3: posts big blind $0.05
*** HOLE CARDS ***
Dealt to d4e90ac1 
Dealt to Hero [7s Qd]
Dealt to 116fdc95 
Dealt to 7a0bb2b3 
Dealt to 96f7c05a 
96f7c05a: folds
d4e90ac1: raises $0.1 to $0.15
Hero: folds
116fdc95: calls $0.13
7a0bb2b3: folds
*** FLOP *** [7c As 5h]
116fdc95: checks
d4e90ac1: bets $0.18
116fdc95: folds
Uncalled bet ($0.18) returned to d4e90ac1
*** SHOWDOWN ***
d4e90ac1 collected $0.34 from pot
*** SUMMARY ***
Total pot $0.35 | Rake $0.01 | Jackpot $0 | Bingo $0 | Fortune $0 | Tax $0
Board [7c As 5h]
Seat 1: d4e90ac1 won ($0.34)
Seat 2: Hero (button) folded before Flop (didn't bet)
Seat 4: 116fdc95 (small blind) folded on the Flop
Seat 5: 7a0bb2b3 (big blind) folded before Flop
Seat 6: 96f7c05a folded before Flop (didn't bet)


Poker Hand #HD1730384519: Hold'em No Limit ($0.02/$0.05) - 2024/04/14 20:37:30
Table 'NLHBlue33' 6-max Seat #1 is the button
Seat 1: d4e90ac1 ($5 in chips)
Seat 2: Hero ($5 in chips)
Seat 4: 116fdc95 ($6.29 in chips)
Seat 5: 7a0bb2b3 ($5.44 in chips)
Seat 6: 96f7c05a ($6.7 in chips)
Hero: posts small blind $0.02
116fdc95: posts big blind $0.05
*** HOLE CARDS ***
Dealt to d4e90ac1 
Dealt to Hero [Qs 2s]
Dealt to 116fdc95 
Dealt to 7a0bb2b3 
Dealt to 96f7c05a 
7a0bb2b3: raises $0.05 to $0.1
96f7c05a: folds
d4e90ac1: folds
Hero: folds
116fdc95: folds
Uncalled bet ($0.05) returned to 7a0bb2b3
*** SHOWDOWN ***
7a0bb2b3 collected $0.12 from pot
*** SUMMARY ***
Total pot $0.12 | Rake $0 | Jackpot $0 | Bingo $0 | Fortune $0 | Tax $0
Seat 1: d4e90ac1 (button) folded before Flop (didn't bet)
Seat 2: Hero (small blind) folded before Flop
Seat 4: 116fdc95 (big blind) folded before Flop
Seat 5: 7a0bb2b3 collected ($0.12)
Seat 6: 96f7c05a folded before Flop (didn't bet)


Poker Hand #HD1730384433: Hold'em No Limit ($0.02/$0.05) - 2024/04/14 20:36:53
Table 'NLHBlue33' 6-max Seat #6 is the button
Seat 1: d4e90ac1 ($5.02 in chips)
Seat 2: Hero ($5 in chips)
Seat 4: 116fdc95 ($6.29 in chips)
Seat 5: 7a0bb2b3 ($4.88 in chips)
Seat 6: 96f7c05a ($7.24 in chips)
d4e90ac1: posts small blind $0.02
Hero: posts big blind $0.05
*** HOLE CARDS ***
Dealt to d4e90ac1 
Dealt to Hero [Ad 6c]
Dealt to 116fdc95 
Dealt to 7a0bb2b3 
Dealt to 96f7c05a 
116fdc95: folds
7a0bb2b3: raises $0.05 to $0.1
96f7c05a: raises $0.15 to $0.25
d4e90ac1: folds
Hero: folds
7a0bb2b3: calls $0.15
*** FLOP *** [Kc 7s 9d]
7a0bb2b3: bets $0.29
96f7c05a: calls $0.29
*** TURN *** [Kc 7s 9d] [3d]
7a0bb2b3: bets $0.58
96f7c05a: folds
Uncalled bet ($0.58) returned to 7a0bb2b3
*** SHOWDOWN ***
7a0bb2b3 collected $1.1 from pot
*** SUMMARY ***
Total pot $1.15 | Rake $0.05 | Jackpot $0 | Bingo $0 | Fortune $0 | Tax $0
Board [Kc 7s 9d 3d]
Seat 1: d4e90ac1 (small blind) folded before Flop
Seat 2: Hero (big blind) folded before Flop
Seat 4: 116fdc95 folded before Flop (didn't bet)
Seat 5: 7a0bb2b3 won ($1.1)
Seat 6: 96f7c05a (button) folded on the Turn


Poker Hand #HD1730384402: Hold'em No Limit ($0.02/$0.05) - 2024/04/14 20:36:38
Table 'NLHBlue33' 6-max Seat #5 is the button
Seat 1: d4e90ac1 ($5 in chips)
Seat 2: Hero ($5 in chips)
Seat 4: 116fdc95 ($6.29 in chips)
Seat 5: 7a0bb2b3 ($4.88 in chips)
Seat 6: 96f7c05a ($7.26 in chips)
96f7c05a: posts small blind $0.02
d4e90ac1: posts big blind $0.05
*** HOLE CARDS ***
Dealt to d4e90ac1 
Dealt to Hero [Ks 5d]
Dealt to 116fdc95 
Dealt to 7a0bb2b3 
Dealt to 96f7c05a 
Hero: folds
116fdc95: folds
7a0bb2b3: folds
96f7c05a: folds
Uncalled bet ($0.03) returned to d4e90ac1
*** SHOWDOWN ***
d4e90ac1 collected $0.04 from pot
*** SUMMARY ***
Total pot $0.04 | Rake $0 | Jackpot $0 | Bingo $0 | Fortune $0 | Tax $0
Seat 1: d4e90ac1 (big blind) collected ($0.04)
Seat 2: Hero folded before Flop (didn't bet)
Seat 4: 116fdc95 folded before Flop (didn't bet)
Seat 5: 7a0bb2b3 (button) folded before Flop (didn't bet)
Seat 6: 96f7c05a (small blind) folded before Flop


Poker Hand #HD1730384340: Hold'em No Limit ($0.02/$0.05) - 2024/04/14 20:36:10
Table 'NLHBlue33' 6-max Seat #4 is the button
Seat 1: d4e90ac1 ($5 in chips)
Seat 2: Hero ($5 in chips)
Seat 4: 116fdc95 ($6.17 in chips)
Seat 5: 7a0bb2b3 ($4.9 in chips)
Seat 6: 96f7c05a ($7.37 in chips)
7a0bb2b3: posts small blind $0.02
96f7c05a: posts big blind $0.05
*** HOLE CARDS ***
Dealt to d4e90ac1 
Dealt to Hero [2s Qc]
Dealt to 116fdc95 
Dealt to 7a0bb2b3 
Dealt to 96f7c05a 
d4e90ac1: folds
Hero: folds
116fdc95: raises $0.06 to $0.11
7a0bb2b3: folds
96f7c05a: calls $0.06
*** FLOP *** [Jd 5s 3c]
96f7c05a: checks
116fdc95: bets $0.06
96f7c05a: folds
Uncalled bet ($0.06) returned to 116fdc95
*** SHOWDOWN ***
116fdc95 collected $0.23 from pot
*** SUMMARY ***
Total pot $0.24 | Rake $0.01 | Jackpot $0 | Bingo $0 | Fortune $0 | Tax $0
Board [Jd 5s 3c]
Seat 1: d4e90ac1 folded before Flop (didn't bet)
Seat 2: Hero folded before Flop (didn't bet)
Seat 4: 116fdc95 (button) won ($0.23)
Seat 5: 7a0bb2b3 (small blind) folded before Flop
Seat 6: 96f7c05a (big blind) folded on the Flop


Poker Hand #HD1730384290: Hold'em No Limit ($0.02/$0.05) - 2024/04/14 20:35:50
Table 'NLHBlue33' 6-max Seat #2 is the button
Seat 1: d4e90ac1 ($5 in chips)
Seat 2: Hero ($5 in chips)
Seat 4: 116fdc95 ($6.01 in chips)
Seat 5: 7a0bb2b3 ($4.95 in chips)
Seat 6: 96f7c05a ($7.37 in chips)
116fdc95: posts small blind $0.02
7a0bb2b3: posts big blind $0.05
*** HOLE CARDS ***
Dealt to d4e90ac1 
Dealt to Hero [3d Ad]
Dealt to 116fdc95 
Dealt to 7a0bb2b3 
Dealt to 96f7c05a 
96f7c05a: folds
d4e90ac1: folds
Hero: raises $0.07 to $0.12
116fdc95: raises $0.32 to $0.44
7a0bb2b3: folds
Hero: folds
Uncalled bet ($0.32) returned to 116fdc95
*** SHOWDOWN ***
116fdc95 collected $0.28 from pot
*** SUMMARY ***
Total pot $0.29 | Rake $0.01 | Jackpot $0 | Bingo $0 | Fortune $0 | Tax $0
Seat 1: d4e90ac1 folded before Flop (didn't bet)
Seat 2: Hero (button) folded before Flop
Seat 4: 116fdc95 (small blind) collected ($0.28)
Seat 5: 7a0bb2b3 (big blind) folded before Flop
Seat 6: 96f7c05a folded before Flop (didn't bet)


Poker Hand #HD1730384219: Hold'em No Limit ($0.02/$0.05) - 2024/04/14 20:35:16
Table 'NLHBlue33' 6-max Seat #1 is the button
Seat 1: d4e90ac1 ($5.19 in chips)
Seat 2: Hero ($5.02 in chips)
Seat 4: 116fdc95 ($5.45 in chips)
Seat 5: 7a0bb2b3 ($4.95 in chips)
Seat 6: 96f7c05a ($7.37 in chips)
Hero: posts small blind $0.02
116fdc95: posts big blind $0.05
*** HOLE CARDS ***
Dealt to d4e90ac1 
Dealt to Hero [9c 6c]
Dealt to 116fdc95 
Dealt to 7a0bb2b3 
Dealt to 96f7c05a 
7a0bb2b3: folds
96f7c05a: folds
d4e90ac1: raises $0.1 to $0.15
Hero: folds
116fdc95: raises $0.45 to $0.6
d4e90ac1: calls $0.45
*** FLOP *** [6h Ah Qh]
116fdc95: bets $0.31
d4e90ac1: folds
Uncalled bet ($0.31) returned to 116fdc95
*** SHOWDOWN ***
116fdc95 collected $1.16 from pot
*** SUMMARY ***
Total pot $1.22 | Rake $0.06 | Jackpot $0 | Bingo $0 | Fortune $0 | Tax $0
Board [6h Ah Qh]
Seat 1: d4e90ac1 (button) folded on the Flop
Seat 2: Hero (small blind) folded before Flop
Seat 4: 116fdc95 (big blind) won ($1.16)
Seat 5: 7a0bb2b3 folded before Flop (didn't bet)
Seat 6: 96f7c05a folded before Flop (didn't bet)


Poker Hand #HD1730384160: Hold'em No Limit ($0.02/$0.05) - 2024/04/14 20:34:50
Table 'NLHBlue33' 6-max Seat #6 is the button
Seat 1: d4e90ac1 ($5.21 in chips)
Seat 2: Hero ($5.07 in chips)
Seat 4: 116fdc95 ($5.33 in chips)
Seat 5: 7a0bb2b3 ($5 in chips)
Seat 6: 96f7c05a ($7.37 in chips)
d4e90ac1: posts small blind $0.02
Hero: posts big blind $0.05
7a0bb2b3: posts big blind $0.05
*** HOLE CARDS ***
Dealt to d4e90ac1 
Dealt to Hero [8s 5s]
Dealt to 116fdc95 
Dealt to 7a0bb2b3 
Dealt to 96f7c05a 
116fdc95: raises $0.19 to $0.24
7a0bb2b3: folds
96f7c05a: folds
d4e90ac1: folds
Hero: folds
Uncalled bet ($0.19) returned to 116fdc95
*** SHOWDOWN ***
116fdc95 collected $0.17 from pot
*** SUMMARY ***
Total pot $0.17 | Rake $0 | Jackpot $0 | Bingo $0 | Fortune $0 | Tax $0
Seat 1: d4e90ac1 (small blind) folded before Flop
Seat 2: Hero (big blind) folded before Flop
Seat 4: 116fdc95 collected ($0.17)
Seat 5: 7a0bb2b3 folded before Flop
Seat 6: 96f7c05a (button) folded before Flop (didn't bet)


Poker Hand #HD1730384130: Hold'em No Limit ($0.02/$0.05) - 2024/04/14 20:34:39
Table 'NLHBlue33' 6-max Seat #4 is the button
Seat 1: d4e90ac1 ($5.26 in chips)
Seat 2: Hero ($5.07 in chips)
Seat 4: 116fdc95 ($5.26 in chips)
Seat 6: 96f7c05a ($7.39 in chips)
96f7c05a: posts small blind $0.02
d4e90ac1: posts big blind $0.05
*** HOLE CARDS ***
Dealt to d4e90ac1 
Dealt to Hero [3h 5d]
Dealt to 116fdc95 
Dealt to 96f7c05a 
Hero: folds
116fdc95: raises $0.06 to $0.11
96f7c05a: folds
d4e90ac1: folds
Uncalled bet ($0.06) returned to 116fdc95
*** SHOWDOWN ***
116fdc95 collected $0.12 from pot
*** SUMMARY ***
Total pot $0.12 | Rake $0 | Jackpot $0 | Bingo $0 | Fortune $0 | Tax $0
Seat 1: d4e90ac1 (big blind) folded before Flop
Seat 2: Hero folded before Flop (didn't bet)
Seat 4: 116fdc95 (button) collected ($0.12)
Seat 6: 96f7c05a (small blind) folded before Flop


Poker Hand #HD1730384096: Hold'em No Limit ($0.02/$0.05) - 2024/04/14 20:34:23
Table 'NLHBlue33' 6-max Seat #2 is the button
Seat 1: d4e90ac1 ($5.26 in chips)
Seat 2: Hero ($5 in chips)
Seat 4: 116fdc95 ($5.28 in chips)
Seat 6: 96f7c05a ($7.44 in chips)
116fdc95: posts small blind $0.02
96f7c05a: posts big blind $0.05
*** HOLE CARDS ***
Dealt to d4e90ac1 
Dealt to Hero [As 4h]
Dealt to 116fdc95 
Dealt to 96f7c05a 
d4e90ac1: folds
Hero: raises $0.07 to $0.12
116fdc95: folds
96f7c05a: folds
Uncalled bet ($0.07) returned to Hero
*** SHOWDOWN ***
Hero collected $0.12 from pot
*** SUMMARY ***
Total pot $0.12 | Rake $0 | Jackpot $0 | Bingo $0 | Fortune $0 | Tax $0
Seat 1: d4e90ac1 folded before Flop (didn't bet)
Seat 2: Hero (button) collected ($0.12)
Seat 4: 116fdc95 (small blind) folded before Flop
Seat 6: 96f7c05a (big blind) folded before Flop


Poker Hand #HD1730384057: Hold'em No Limit ($0.02/$0.05) - 2024/04/14 20:34:07
Table 'NLHBlue33' 6-max Seat #1 is the button
Seat 1: d4e90ac1 ($5.26 in chips)
Seat 2: Hero ($5 in chips)
Seat 4: 116fdc95 ($5.26 in chips)
Seat 6: 96f7c05a ($7.44 in chips)
Hero: posts small blind $0.02
116fdc95: posts big blind $0.05
*** HOLE CARDS ***
Dealt to d4e90ac1 
Dealt to Hero [2s Js]
Dealt to 116fdc95 
Dealt to 96f7c05a 
96f7c05a: folds
d4e90ac1: folds
Hero: folds
Uncalled bet ($0.03) returned to 116fdc95
*** SHOWDOWN ***
116fdc95 collected $0.04 from pot
*** SUMMARY ***
Total pot $0.04 | Rake $0 | Jackpot $0 | Bingo $0 | Fortune $0 | Tax $0
Seat 1: d4e90ac1 (button) folded before Flop (didn't bet)
Seat 2: Hero (small blind) folded before Flop
Seat 4: 116fdc95 (big blind) collected ($0.04)
Seat 6: 96f7c05a folded before Flop (didn't bet)


Poker Hand #HD1730383946: Hold'em No Limit ($0.02/$0.05) - 2024/04/14 20:33:26
Table 'NLHBlue33' 6-max Seat #6 is the button
Seat 1: d4e90ac1 ($5.12 in chips)
Seat 2: Hero ($5 in chips)
Seat 4: 116fdc95 ($5.26 in chips)
Seat 6: 96f7c05a ($7.44 in chips)
d4e90ac1: posts small blind $0.02
Hero: posts big blind $0.05
*** HOLE CARDS ***
Dealt to d4e90ac1 
Dealt to Hero [Td 9s]
Dealt to 116fdc95 
Dealt to 96f7c05a 
116fdc95: folds
96f7c05a: folds
d4e90ac1: raises $0.1 to $0.15
Hero: calls $0.1
*** FLOP *** [6h Ah 3c]
d4e90ac1: checks
Hero: checks
*** TURN *** [6h Ah 3c] [Js]
d4e90ac1: bets $0.15
Hero: folds
Uncalled bet ($0.15) returned to d4e90ac1
*** SHOWDOWN ***
d4e90ac1 collected $0.29 from pot
*** SUMMARY ***
Total pot $0.3 | Rake $0.01 | Jackpot $0 | Bingo $0 | Fortune $0 | Tax $0
Board [6h Ah 3c Js]
Seat 1: d4e90ac1 (small blind) won ($0.29)
Seat 2: Hero (big blind) folded on the Turn
Seat 4: 116fdc95 folded before Flop (didn't bet)
Seat 6: 96f7c05a (button) folded before Flop (didn't bet)


