Poker Hand #HD1857987682: Hold'em No Limit ($0.05/$0.1) - 2024/07/15 15:23:03
Table 'NLHRed83' 6-max Seat #3 is the button
Seat 2: 6cd266af ($10 in chips)
Seat 3: 809cf1cc ($10.56 in chips)
Seat 4: Hero ($10.05 in chips)
Hero: posts small blind $0.05
6cd266af: posts big blind $0.1
*** HOLE CARDS ***
Dealt to 6cd266af 
Dealt to 809cf1cc 
Dealt to Hero [Ac Kd]
809cf1cc: folds
Hero: raises $0.2 to $0.3
6cd266af: calls $0.2
*** FLOP *** [Qc 6d Kc]
Hero: bets $0.4
6cd266af: folds
Uncalled bet ($0.4) returned to Hero
*** SHOWDOWN ***
Hero collected $0.57 from pot
*** SUMMARY ***
Total pot $0.6 | Rake $0.03 | Jackpot $0 | Bingo $0 | Fortune $0 | Tax $0
Board [Qc 6d Kc]
Seat 2: 6cd266af (big blind) folded on the Flop
Seat 3: 809cf1cc (button) folded before Flop (didn't bet)
Seat 4: Hero (small blind) won ($0.57)


Poker Hand #HD1857987667: Hold'em No Limit ($0.05/$0.1) - 2024/07/15 15:22:53
Table 'NLHRed83' 6-max Seat #2 is the button
Seat 1: 766dfbc5 ($22.67 in chips)
Seat 2: 6cd266af ($10 in chips)
Seat 3: 809cf1cc ($10.61 in chips)
Seat 4: Hero ($10.15 in chips)
809cf1cc: posts small blind $0.05
Hero: posts big blind $0.1
*** HOLE CARDS ***
Dealt to 766dfbc5 
Dealt to 6cd266af 
Dealt to 809cf1cc 
Dealt to Hero [4c Jh]
766dfbc5: raises $0.15 to $0.25
6cd266af: folds
809cf1cc: folds
Hero: folds
Uncalled bet ($0.15) returned to 766dfbc5
*** SHOWDOWN ***
766dfbc5 collected $0.25 from pot
*** SUMMARY ***
Total pot $0.25 | Rake $0 | Jackpot $0 | Bingo $0 | Fortune $0 | Tax $0
Seat 1: 766dfbc5 collected ($0.25)
Seat 2: 6cd266af (button) folded before Flop (didn't bet)
Seat 3: 809cf1cc (small blind) folded before Flop
Seat 4: Hero (big blind) folded before Flop


Poker Hand #HD1857987623: Hold'em No Limit ($0.05/$0.1) - 2024/07/15 15:22:32
Table 'NLHRed83' 6-max Seat #1 is the button
Seat 1: 766dfbc5 ($22.67 in chips)
Seat 2: 6cd266af ($10 in chips)
Seat 3: 809cf1cc ($10.71 in chips)
Seat 4: Hero ($10 in chips)
6cd266af: posts small blind $0.05
809cf1cc: posts big blind $0.1
*** HOLE CARDS ***
Dealt to 766dfbc5 
Dealt to 6cd266af 
Dealt to 809cf1cc 
Dealt to Hero [9h 8h]
Hero: raises $0.14 to $0.24
766dfbc5: folds
6cd266af: folds
809cf1cc: folds
Uncalled bet ($0.14) returned to Hero
*** SHOWDOWN ***
Hero collected $0.25 from pot
*** SUMMARY ***
Total pot $0.25 | Rake $0 | Jackpot $0 | Bingo $0 | Fortune $0 | Tax $0
Seat 1: 766dfbc5 (button) folded before Flop (didn't bet)
Seat 2: 6cd266af (small blind) folded before Flop
Seat 3: 809cf1cc (big blind) folded before Flop
Seat 4: Hero collected ($0.25)


Poker Hand #HD1857987598: Hold'em No Limit ($0.05/$0.1) - 2024/07/15 15:22:20
Table 'NLHRed83' 6-max Seat #4 is the button
Seat 1: 766dfbc5 ($22.72 in chips)
Seat 2: 6cd266af ($10.04 in chips)
Seat 3: 809cf1cc ($10.56 in chips)
Seat 4: Hero ($10 in chips)
766dfbc5: posts small blind $0.05
6cd266af: posts big blind $0.1
*** HOLE CARDS ***
Dealt to 766dfbc5 
Dealt to 6cd266af 
Dealt to 809cf1cc 
Dealt to Hero [8d 4c]
809cf1cc: raises $0.2 to $0.3
Hero: folds
766dfbc5: folds
6cd266af: folds
Uncalled bet ($0.2) returned to 809cf1cc
*** SHOWDOWN ***
809cf1cc collected $0.25 from pot
*** SUMMARY ***
Total pot $0.25 | Rake $0 | Jackpot $0 | Bingo $0 | Fortune $0 | Tax $0
Seat 1: 766dfbc5 (small blind) folded before Flop
Seat 2: 6cd266af (big blind) folded before Flop
Seat 3: 809cf1cc collected ($0.25)
Seat 4: Hero (button) folded before Flop (didn't bet)


Poker Hand #HD1857987591: Hold'em No Limit ($0.05/$0.1) - 2024/07/15 15:22:13
Table 'NLHRed83' 6-max Seat #3 is the button
Seat 1: 766dfbc5 ($22.67 in chips)
Seat 2: 6cd266af ($10.04 in chips)
Seat 3: 809cf1cc ($10.56 in chips)
Seat 4: Hero ($10.05 in chips)
Hero: posts small blind $0.05
766dfbc5: posts big blind $0.1
*** HOLE CARDS ***
Dealt to 766dfbc5 
Dealt to 6cd266af 
Dealt to 809cf1cc 
Dealt to Hero [2d Ac]
6cd266af: folds
809cf1cc: folds
Hero: folds
Uncalled bet ($0.05) returned to 766dfbc5
*** SHOWDOWN ***
766dfbc5 collected $0.1 from pot
*** SUMMARY ***
Total pot $0.1 | Rake $0 | Jackpot $0 | Bingo $0 | Fortune $0 | Tax $0
Seat 1: 766dfbc5 (big blind) collected ($0.1)
Seat 2: 6cd266af folded before Flop (didn't bet)
Seat 3: 809cf1cc (button) folded before Flop (didn't bet)
Seat 4: Hero (small blind) folded before Flop


Poker Hand #HD1857987568: Hold'em No Limit ($0.05/$0.1) - 2024/07/15 15:22:01
Table 'NLHRed83' 6-max Seat #2 is the button
Seat 1: 766dfbc5 ($22.67 in chips)
Seat 2: 6cd266af ($10.04 in chips)
Seat 3: 809cf1cc ($10.61 in chips)
Seat 4: Hero ($10 in chips)
Seat 5: d607de34 ($11.72 in chips)
809cf1cc: posts small blind $0.05
Hero: posts big blind $0.1
*** HOLE CARDS ***
Dealt to 766dfbc5 
Dealt to 6cd266af 
Dealt to 809cf1cc 
Dealt to Hero [Kh 9h]
Dealt to d607de34 
d607de34: folds
766dfbc5: folds
6cd266af: folds
809cf1cc: folds
Uncalled bet ($0.05) returned to Hero
*** SHOWDOWN ***
Hero collected $0.1 from pot
*** SUMMARY ***
Total pot $0.1 | Rake $0 | Jackpot $0 | Bingo $0 | Fortune $0 | Tax $0
Seat 1: 766dfbc5 folded before Flop (didn't bet)
Seat 2: 6cd266af (button) folded before Flop (didn't bet)
Seat 3: 809cf1cc (small blind) folded before Flop
Seat 4: Hero (big blind) collected ($0.1)
Seat 5: d607de34 folded before Flop (didn't bet)


