Poker Hand #HD1757086378: Hold'em No Limit ($0.05/$0.1) - 2024/05/03 17:14:45
Table 'NLHRed67' 6-max Seat #1 is the button
Seat 1: a6ea8329 ($23.74 in chips)
Seat 2: fec151c4 ($10.15 in chips)
Seat 3: 8f2b93ea ($11.7 in chips)
Seat 4: Hero ($10 in chips)
Seat 6: bff1b268 ($19.56 in chips)
fec151c4: posts small blind $0.05
8f2b93ea: posts big blind $0.1
*** HOLE CARDS ***
Dealt to a6ea8329 
Dealt to fec151c4 
Dealt to 8f2b93ea 
Dealt to Hero [As Qd]
Dealt to bff1b268 
Hero: raises $0.1 to $0.2
bff1b268: raises $0.6 to $0.8
a6ea8329: folds
fec151c4: folds
8f2b93ea: folds
Hero: raises $1.2 to $2
bff1b268: folds
Uncalled bet ($1.2) returned to Hero
*** SHOWDOWN ***
Hero collected $1.67 from pot
*** SUMMARY ***
Total pot $1.75 | Rake $0.08 | Jackpot $0 | Bingo $0 | Fortune $0 | Tax $0
Seat 1: a6ea8329 (button) folded before Flop (didn't bet)
Seat 2: fec151c4 (small blind) folded before Flop
Seat 3: 8f2b93ea (big blind) folded before Flop
Seat 4: Hero collected ($1.67)
Seat 6: bff1b268 folded before Flop


Poker Hand #HD1757086352: Hold'em No Limit ($0.05/$0.1) - 2024/05/03 17:14:35
Table 'NLHRed67' 6-max Seat #6 is the button
Seat 1: a6ea8329 ($23.79 in chips)
Seat 2: fec151c4 ($10.1 in chips)
Seat 3: 8f2b93ea ($11.7 in chips)
Seat 4: Hero ($10 in chips)
Seat 6: bff1b268 ($19.56 in chips)
a6ea8329: posts small blind $0.05
fec151c4: posts big blind $0.1
*** HOLE CARDS ***
Dealt to a6ea8329 
Dealt to fec151c4 
Dealt to 8f2b93ea 
Dealt to Hero [7c 3h]
Dealt to bff1b268 
8f2b93ea: folds
Hero: folds
bff1b268: folds
a6ea8329: folds
Uncalled bet ($0.05) returned to fec151c4
*** SHOWDOWN ***
fec151c4 collected $0.1 from pot
*** SUMMARY ***
Total pot $0.1 | Rake $0 | Jackpot $0 | Bingo $0 | Fortune $0 | Tax $0
Seat 1: a6ea8329 (small blind) folded before Flop
Seat 2: fec151c4 (big blind) collected ($0.1)
Seat 3: 8f2b93ea folded before Flop (didn't bet)
Seat 4: Hero folded before Flop (didn't bet)
Seat 6: bff1b268 (button) folded before Flop (didn't bet)


Poker Hand #HD1757086310: Hold'em No Limit ($0.05/$0.1) - 2024/05/03 17:14:21
Table 'NLHRed67' 6-max Seat #4 is the button
Seat 1: a6ea8329 ($23.74 in chips)
Seat 2: fec151c4 ($10.1 in chips)
Seat 3: 8f2b93ea ($11.7 in chips)
Seat 4: Hero ($10 in chips)
Seat 6: bff1b268 ($19.61 in chips)
bff1b268: posts small blind $0.05
a6ea8329: posts big blind $0.1
*** HOLE CARDS ***
Dealt to a6ea8329 
Dealt to fec151c4 
Dealt to 8f2b93ea 
Dealt to Hero [6d Js]
Dealt to bff1b268 
fec151c4: folds
8f2b93ea: folds
Hero: folds
bff1b268: folds
Uncalled bet ($0.05) returned to a6ea8329
*** SHOWDOWN ***
a6ea8329 collected $0.1 from pot
*** SUMMARY ***
Total pot $0.1 | Rake $0 | Jackpot $0 | Bingo $0 | Fortune $0 | Tax $0
Seat 1: a6ea8329 (big blind) collected ($0.1)
Seat 2: fec151c4 folded before Flop (didn't bet)
Seat 3: 8f2b93ea folded before Flop (didn't bet)
Seat 4: Hero (button) folded before Flop (didn't bet)
Seat 6: bff1b268 (small blind) folded before Flop


Poker Hand #HD1757086174: Hold'em No Limit ($0.05/$0.1) - 2024/05/03 17:13:30
Table 'NLHRed67' 6-max Seat #3 is the button
Seat 1: a6ea8329 ($23.74 in chips)
Seat 2: fec151c4 ($10.1 in chips)
Seat 3: 8f2b93ea ($12.22 in chips)
Seat 4: Hero ($10.03 in chips)
Seat 6: bff1b268 ($19.09 in chips)
Hero: posts small blind $0.05
bff1b268: posts big blind $0.1
*** HOLE CARDS ***
Dealt to a6ea8329 
Dealt to fec151c4 
Dealt to 8f2b93ea 
Dealt to Hero [6s 8h]
Dealt to bff1b268 
a6ea8329: folds
fec151c4: folds
8f2b93ea: raises $0.2 to $0.3
Hero: folds
bff1b268: calls $0.2
*** FLOP *** [2s 9d 8s]
bff1b268: checks
8f2b93ea: checks
*** TURN *** [2s 9d 8s] [9s]
bff1b268: bets $0.22
8f2b93ea: calls $0.22
*** RIVER *** [2s 9d 8s 9s] [5h]
bff1b268: bets $0.9
8f2b93ea: folds
Uncalled bet ($0.9) returned to bff1b268
*** SHOWDOWN ***
bff1b268 collected $1.04 from pot
*** SUMMARY ***
Total pot $1.09 | Rake $0.05 | Jackpot $0 | Bingo $0 | Fortune $0 | Tax $0
Board [2s 9d 8s 9s 5h]
Seat 1: a6ea8329 folded before Flop (didn't bet)
Seat 2: fec151c4 folded before Flop (didn't bet)
Seat 3: 8f2b93ea (button) folded on the River
Seat 4: Hero (small blind) folded before Flop
Seat 6: bff1b268 (big blind) won ($1.04)


Poker Hand #HD1757086149: Hold'em No Limit ($0.05/$0.1) - 2024/05/03 17:13:20
Table 'NLHRed67' 6-max Seat #2 is the button
Seat 1: a6ea8329 ($23.74 in chips)
Seat 2: fec151c4 ($10.1 in chips)
Seat 3: 8f2b93ea ($12.27 in chips)
Seat 4: Hero ($10.13 in chips)
Seat 6: bff1b268 ($18.94 in chips)
8f2b93ea: posts small blind $0.05
Hero: posts big blind $0.1
*** HOLE CARDS ***
Dealt to a6ea8329 
Dealt to fec151c4 
Dealt to 8f2b93ea 
Dealt to Hero [Qh 4s]
Dealt to bff1b268 
bff1b268: raises $0.12 to $0.22
a6ea8329: folds
fec151c4: folds
8f2b93ea: folds
Hero: folds
Uncalled bet ($0.12) returned to bff1b268
*** SHOWDOWN ***
bff1b268 collected $0.25 from pot
*** SUMMARY ***
Total pot $0.25 | Rake $0 | Jackpot $0 | Bingo $0 | Fortune $0 | Tax $0
Seat 1: a6ea8329 folded before Flop (didn't bet)
Seat 2: fec151c4 (button) folded before Flop (didn't bet)
Seat 3: 8f2b93ea (small blind) folded before Flop
Seat 4: Hero (big blind) folded before Flop
Seat 6: bff1b268 collected ($0.25)


Poker Hand #HD1757086105: Hold'em No Limit ($0.05/$0.1) - 2024/05/03 17:13:03
Table 'NLHRed67' 6-max Seat #1 is the button
Seat 1: a6ea8329 ($23.74 in chips)
Seat 2: fec151c4 ($10.15 in chips)
Seat 3: 8f2b93ea ($12.22 in chips)
Seat 4: Hero ($10.13 in chips)
Seat 6: bff1b268 ($18.94 in chips)
fec151c4: posts small blind $0.05
8f2b93ea: posts big blind $0.1
*** HOLE CARDS ***
Dealt to a6ea8329 
Dealt to fec151c4 
Dealt to 8f2b93ea 
Dealt to Hero [7c 8h]
Dealt to bff1b268 
Hero: folds
bff1b268: folds
a6ea8329: folds
fec151c4: folds
Uncalled bet ($0.05) returned to 8f2b93ea
*** SHOWDOWN ***
8f2b93ea collected $0.1 from pot
*** SUMMARY ***
Total pot $0.1 | Rake $0 | Jackpot $0 | Bingo $0 | Fortune $0 | Tax $0
Seat 1: a6ea8329 (button) folded before Flop (didn't bet)
Seat 2: fec151c4 (small blind) folded before Flop
Seat 3: 8f2b93ea (big blind) collected ($0.1)
Seat 4: Hero folded before Flop (didn't bet)
Seat 6: bff1b268 folded before Flop (didn't bet)


Poker Hand #HD1757086063: Hold'em No Limit ($0.05/$0.1) - 2024/05/03 17:12:43
Table 'NLHRed67' 6-max Seat #6 is the button
Seat 1: a6ea8329 ($23.64 in chips)
Seat 2: fec151c4 ($10.25 in chips)
Seat 3: 8f2b93ea ($12.22 in chips)
Seat 4: Hero ($10.13 in chips)
Seat 6: bff1b268 ($18.94 in chips)
a6ea8329: posts small blind $0.05
fec151c4: posts big blind $0.1
*** HOLE CARDS ***
Dealt to a6ea8329 
Dealt to fec151c4 
Dealt to 8f2b93ea 
Dealt to Hero [9s 3c]
Dealt to bff1b268 
8f2b93ea: folds
Hero: folds
bff1b268: folds
a6ea8329: raises $0.15 to $0.25
fec151c4: folds
Uncalled bet ($0.15) returned to a6ea8329
*** SHOWDOWN ***
a6ea8329 collected $0.2 from pot
*** SUMMARY ***
Total pot $0.2 | Rake $0 | Jackpot $0 | Bingo $0 | Fortune $0 | Tax $0
Seat 1: a6ea8329 (small blind) collected ($0.2)
Seat 2: fec151c4 (big blind) folded before Flop
Seat 3: 8f2b93ea folded before Flop (didn't bet)
Seat 4: Hero folded before Flop (didn't bet)
Seat 6: bff1b268 (button) folded before Flop (didn't bet)


Poker Hand #HD1757085881: Hold'em No Limit ($0.05/$0.1) - 2024/05/03 17:11:33
Table 'NLHRed67' 6-max Seat #5 is the button
Seat 1: a6ea8329 ($23.89 in chips)
Seat 2: fec151c4 ($10.25 in chips)
Seat 3: 8f2b93ea ($10 in chips)
Seat 4: Hero ($10.13 in chips)
Seat 5: f370e441 ($2.25 in chips)
Seat 6: bff1b268 ($18.99 in chips)
bff1b268: posts small blind $0.05
a6ea8329: posts big blind $0.1
*** HOLE CARDS ***
Dealt to a6ea8329 
Dealt to fec151c4 
Dealt to 8f2b93ea 
Dealt to Hero [9c Td]
Dealt to f370e441 
Dealt to bff1b268 
fec151c4: folds
8f2b93ea: raises $0.15 to $0.25
Hero: folds
f370e441: calls $0.25
bff1b268: folds
a6ea8329: calls $0.15
*** FLOP *** [6d 3h Kd]
a6ea8329: checks
8f2b93ea: bets $0.64
f370e441: raises $1.36 to $2 and is all-in
a6ea8329: folds
8f2b93ea: calls $1.36
f370e441: shows [Ac 3s] (Pair of Treys)
8f2b93ea: shows [Ad 5d] (Ace-High)
*** TURN *** [6d 3h Kd] [2h]
*** RIVER *** [6d 3h Kd 2h] [Jd]
*** SHOWDOWN ***
8f2b93ea collected $4.47 from pot
*** SUMMARY ***
Total pot $4.8 | Rake $0.23 | Jackpot $0.1 | Bingo $0 | Fortune $0 | Tax $0
Board [6d 3h Kd 2h Jd]
Seat 1: a6ea8329 (big blind) folded on the Flop
Seat 2: fec151c4 folded before Flop (didn't bet)
Seat 3: 8f2b93ea showed [Ad 5d] and won ($4.47) with Ace High Flush
Seat 4: Hero folded before Flop (didn't bet)
Seat 5: f370e441 (button) showed [Ac 3s] and lost with Pair of Treys
Seat 6: bff1b268 (small blind) folded before Flop


Poker Hand #HD1757085808: Hold'em No Limit ($0.05/$0.1) - 2024/05/03 17:11:05
Table 'NLHRed67' 6-max Seat #4 is the button
Seat 1: a6ea8329 ($23.89 in chips)
Seat 2: fec151c4 ($9.53 in chips)
Seat 3: 8f2b93ea ($10.32 in chips)
Seat 4: Hero ($10.13 in chips)
Seat 5: f370e441 ($2.3 in chips)
Seat 6: bff1b268 ($19.09 in chips)
f370e441: posts small blind $0.05
bff1b268: posts big blind $0.1
*** HOLE CARDS ***
Dealt to a6ea8329 
Dealt to fec151c4 
Dealt to 8f2b93ea 
Dealt to Hero [Jh 7d]
Dealt to f370e441 
Dealt to bff1b268 
a6ea8329: folds
fec151c4: raises $0.1 to $0.2
8f2b93ea: raises $0.44 to $0.64
Hero: folds
f370e441: folds
bff1b268: folds
fec151c4: raises $1.25 to $1.89
8f2b93ea: folds
Uncalled bet ($1.25) returned to fec151c4
*** SHOWDOWN ***
fec151c4 collected $1.36 from pot
*** SUMMARY ***
Total pot $1.43 | Rake $0.07 | Jackpot $0 | Bingo $0 | Fortune $0 | Tax $0
Seat 1: a6ea8329 folded before Flop (didn't bet)
Seat 2: fec151c4 collected ($1.36)
Seat 3: 8f2b93ea folded before Flop
Seat 4: Hero (button) folded before Flop (didn't bet)
Seat 5: f370e441 (small blind) folded before Flop
Seat 6: bff1b268 (big blind) folded before Flop


Poker Hand #HD1757085685: Hold'em No Limit ($0.05/$0.1) - 2024/05/03 17:10:20
Table 'NLHRed67' 6-max Seat #3 is the button
Seat 1: a6ea8329 ($23.89 in chips)
Seat 2: fec151c4 ($9.53 in chips)
Seat 3: 8f2b93ea ($10.32 in chips)
Seat 4: Hero ($10.18 in chips)
Seat 5: f370e441 ($2.25 in chips)
Seat 6: bff1b268 ($19.09 in chips)
Hero: posts small blind $0.05
f370e441: posts big blind $0.1
*** HOLE CARDS ***
Dealt to a6ea8329 
Dealt to fec151c4 
Dealt to 8f2b93ea 
Dealt to Hero [Kd 4c]
Dealt to f370e441 
Dealt to bff1b268 
bff1b268: folds
a6ea8329: folds
fec151c4: folds
8f2b93ea: folds
Hero: folds
Uncalled bet ($0.05) returned to f370e441
*** SHOWDOWN ***
f370e441 collected $0.1 from pot
*** SUMMARY ***
Total pot $0.1 | Rake $0 | Jackpot $0 | Bingo $0 | Fortune $0 | Tax $0
Seat 1: a6ea8329 folded before Flop (didn't bet)
Seat 2: fec151c4 folded before Flop (didn't bet)
Seat 3: 8f2b93ea (button) folded before Flop (didn't bet)
Seat 4: Hero (small blind) folded before Flop
Seat 5: f370e441 (big blind) collected ($0.1)
Seat 6: bff1b268 folded before Flop (didn't bet)


Poker Hand #HD1757025598: Hold'em No Limit ($0.05/$0.1) - 2024/05/03 17:09:49
Table 'NLHRed67' 6-max Seat #2 is the button
Seat 1: a6ea8329 ($23.89 in chips)
Seat 2: fec151c4 ($9.78 in chips)
Seat 3: 8f2b93ea ($10 in chips)
Seat 4: Hero ($10.28 in chips)
Seat 5: ef8876ca ($12.69 in chips)
Seat 6: bff1b268 ($19.09 in chips)
8f2b93ea: posts small blind $0.05
Hero: posts big blind $0.1
*** HOLE CARDS ***
Dealt to a6ea8329 
Dealt to fec151c4 
Dealt to 8f2b93ea 
Dealt to Hero [8d Js]
Dealt to ef8876ca 
Dealt to bff1b268 
ef8876ca: folds
bff1b268: folds
a6ea8329: folds
fec151c4: raises $0.15 to $0.25
8f2b93ea: raises $0.9 to $1.15
Hero: folds
fec151c4: folds
Uncalled bet ($0.9) returned to 8f2b93ea
*** SHOWDOWN ***
8f2b93ea collected $0.57 from pot
*** SUMMARY ***
Total pot $0.6 | Rake $0.03 | Jackpot $0 | Bingo $0 | Fortune $0 | Tax $0
Seat 1: a6ea8329 folded before Flop (didn't bet)
Seat 2: fec151c4 (button) folded before Flop
Seat 3: 8f2b93ea (small blind) collected ($0.57)
Seat 4: Hero (big blind) folded before Flop
Seat 5: ef8876ca folded before Flop (didn't bet)
Seat 6: bff1b268 folded before Flop (didn't bet)


Poker Hand #HD1757025537: Hold'em No Limit ($0.05/$0.1) - 2024/05/03 17:09:19
Table 'NLHRed67' 6-max Seat #1 is the button
Seat 1: a6ea8329 ($23.74 in chips)
Seat 2: fec151c4 ($9.83 in chips)
Seat 3: 8f2b93ea ($10 in chips)
Seat 4: Hero ($10.28 in chips)
Seat 5: ef8876ca ($12.69 in chips)
Seat 6: bff1b268 ($19.09 in chips)
fec151c4: posts small blind $0.05
8f2b93ea: posts big blind $0.1
*** HOLE CARDS ***
Dealt to a6ea8329 
Dealt to fec151c4 
Dealt to 8f2b93ea 
Dealt to Hero [Qs 8h]
Dealt to ef8876ca 
Dealt to bff1b268 
Hero: folds
ef8876ca: folds
bff1b268: folds
a6ea8329: raises $0.1 to $0.2
fec151c4: folds
8f2b93ea: folds
Uncalled bet ($0.1) returned to a6ea8329
*** SHOWDOWN ***
a6ea8329 collected $0.25 from pot
*** SUMMARY ***
Total pot $0.25 | Rake $0 | Jackpot $0 | Bingo $0 | Fortune $0 | Tax $0
Seat 1: a6ea8329 (button) collected ($0.25)
Seat 2: fec151c4 (small blind) folded before Flop
Seat 3: 8f2b93ea (big blind) folded before Flop
Seat 4: Hero folded before Flop (didn't bet)
Seat 5: ef8876ca folded before Flop (didn't bet)
Seat 6: bff1b268 folded before Flop (didn't bet)


Poker Hand #HD1757025507: Hold'em No Limit ($0.05/$0.1) - 2024/05/03 17:09:06
Table 'NLHRed67' 6-max Seat #6 is the button
Seat 1: a6ea8329 ($23.64 in chips)
Seat 2: fec151c4 ($9.93 in chips)
Seat 4: Hero ($10.28 in chips)
Seat 5: ef8876ca ($12.69 in chips)
Seat 6: bff1b268 ($19.09 in chips)
a6ea8329: posts small blind $0.05
fec151c4: posts big blind $0.1
*** HOLE CARDS ***
Dealt to a6ea8329 
Dealt to fec151c4 
Dealt to Hero [2d Ac]
Dealt to ef8876ca 
Dealt to bff1b268 
Hero: folds
ef8876ca: folds
bff1b268: folds
a6ea8329: raises $0.15 to $0.25
fec151c4: folds
Uncalled bet ($0.15) returned to a6ea8329
*** SHOWDOWN ***
a6ea8329 collected $0.2 from pot
*** SUMMARY ***
Total pot $0.2 | Rake $0 | Jackpot $0 | Bingo $0 | Fortune $0 | Tax $0
Seat 1: a6ea8329 (small blind) collected ($0.2)
Seat 2: fec151c4 (big blind) folded before Flop
Seat 4: Hero folded before Flop (didn't bet)
Seat 5: ef8876ca folded before Flop (didn't bet)
Seat 6: bff1b268 (button) folded before Flop (didn't bet)


Poker Hand #HD1757025226: Hold'em No Limit ($0.05/$0.1) - 2024/05/03 17:07:22
Table 'NLHRed67' 6-max Seat #5 is the button
Seat 1: a6ea8329 ($24.26 in chips)
Seat 2: fec151c4 ($9.93 in chips)
Seat 4: Hero ($10.28 in chips)
Seat 5: ef8876ca ($12.69 in chips)
Seat 6: bff1b268 ($18.53 in chips)
bff1b268: posts small blind $0.05
a6ea8329: posts big blind $0.1
*** HOLE CARDS ***
Dealt to a6ea8329 
Dealt to fec151c4 
Dealt to Hero [7d 4d]
Dealt to ef8876ca 
Dealt to bff1b268 
fec151c4: folds
Hero: folds
ef8876ca: folds
bff1b268: raises $0.2 to $0.3
a6ea8329: calls $0.2
*** FLOP *** [Qh 8c Jd]
bff1b268: checks
a6ea8329: bets $0.32
bff1b268: calls $0.32
*** TURN *** [Qh 8c Jd] [9c]
bff1b268: checks
a6ea8329: checks
*** RIVER *** [Qh 8c Jd 9c] [5c]
bff1b268: checks
a6ea8329: checks
bff1b268: shows [Qd Kh] (Pair of Queens)
a6ea8329: shows [3d 3c] (Pair of Treys)
*** SHOWDOWN ***
bff1b268 collected $1.18 from pot
*** SUMMARY ***
Total pot $1.24 | Rake $0.06 | Jackpot $0 | Bingo $0 | Fortune $0 | Tax $0
Board [Qh 8c Jd 9c 5c]
Seat 1: a6ea8329 (big blind) showed [3d 3c] and lost with Pair of Treys
Seat 2: fec151c4 folded before Flop (didn't bet)
Seat 4: Hero folded before Flop (didn't bet)
Seat 5: ef8876ca (button) folded before Flop (didn't bet)
Seat 6: bff1b268 (small blind) showed [Qd Kh] and won ($1.18) with Pair of Queens


Poker Hand #HD1757025180: Hold'em No Limit ($0.05/$0.1) - 2024/05/03 17:07:06
Table 'NLHRed67' 6-max Seat #4 is the button
Seat 1: a6ea8329 ($24.11 in chips)
Seat 2: fec151c4 ($9.93 in chips)
Seat 4: Hero ($10.28 in chips)
Seat 5: ef8876ca ($12.74 in chips)
Seat 6: bff1b268 ($18.63 in chips)
ef8876ca: posts small blind $0.05
bff1b268: posts big blind $0.1
*** HOLE CARDS ***
Dealt to a6ea8329 
Dealt to fec151c4 
Dealt to Hero [4s 8s]
Dealt to ef8876ca 
Dealt to bff1b268 
a6ea8329: raises $0.2 to $0.3
fec151c4: folds
Hero: folds
ef8876ca: folds
bff1b268: folds
Uncalled bet ($0.2) returned to a6ea8329
*** SHOWDOWN ***
a6ea8329 collected $0.25 from pot
*** SUMMARY ***
Total pot $0.25 | Rake $0 | Jackpot $0 | Bingo $0 | Fortune $0 | Tax $0
Seat 1: a6ea8329 collected ($0.25)
Seat 2: fec151c4 folded before Flop (didn't bet)
Seat 4: Hero (button) folded before Flop (didn't bet)
Seat 5: ef8876ca (small blind) folded before Flop
Seat 6: bff1b268 (big blind) folded before Flop


Poker Hand #HD1757025119: Hold'em No Limit ($0.05/$0.1) - 2024/05/03 17:06:45
Table 'NLHRed67' 6-max Seat #2 is the button
Seat 1: a6ea8329 ($24.11 in chips)
Seat 2: fec151c4 ($9.78 in chips)
Seat 4: Hero ($10.33 in chips)
Seat 5: ef8876ca ($12.84 in chips)
Seat 6: bff1b268 ($18.63 in chips)
Hero: posts small blind $0.05
ef8876ca: posts big blind $0.1
*** HOLE CARDS ***
Dealt to a6ea8329 
Dealt to fec151c4 
Dealt to Hero [2d 6c]
Dealt to ef8876ca 
Dealt to bff1b268 
bff1b268: folds
a6ea8329: folds
fec151c4: raises $0.15 to $0.25
Hero: folds
ef8876ca: folds
Uncalled bet ($0.15) returned to fec151c4
*** SHOWDOWN ***
fec151c4 collected $0.25 from pot
*** SUMMARY ***
Total pot $0.25 | Rake $0 | Jackpot $0 | Bingo $0 | Fortune $0 | Tax $0
Seat 1: a6ea8329 folded before Flop (didn't bet)
Seat 2: fec151c4 (button) collected ($0.25)
Seat 4: Hero (small blind) folded before Flop
Seat 5: ef8876ca (big blind) folded before Flop
Seat 6: bff1b268 folded before Flop (didn't bet)


Poker Hand #HD1757024958: Hold'em No Limit ($0.05/$0.1) - 2024/05/03 17:05:46
Table 'NLHRed67' 6-max Seat #1 is the button
Seat 1: a6ea8329 ($24.11 in chips)
Seat 2: fec151c4 ($10.03 in chips)
Seat 3: 97b0940a ($2.99 in chips)
Seat 4: Hero ($10.33 in chips)
Seat 5: ef8876ca ($10 in chips)
Seat 6: bff1b268 ($18.63 in chips)
fec151c4: posts small blind $0.05
97b0940a: posts big blind $0.1
*** HOLE CARDS ***
Dealt to a6ea8329 
Dealt to fec151c4 
Dealt to 97b0940a 
Dealt to Hero [6c 3h]
Dealt to ef8876ca 
Dealt to bff1b268 
Hero: folds
ef8876ca: raises $0.15 to $0.25
bff1b268: folds
a6ea8329: folds
fec151c4: calls $0.2
97b0940a: calls $0.15
*** FLOP *** [Kd 7c Jd]
fec151c4: checks
97b0940a: bets $0.3
ef8876ca: raises $0.6 to $0.9
fec151c4: folds
97b0940a: calls $0.6
*** TURN *** [Kd 7c Jd] [Td]
97b0940a: bets $1.84 and is all-in
ef8876ca: calls $1.84
97b0940a: shows [As Jh] (Pair of Jacks)
ef8876ca: shows [Ks Ad] (Pair of Kings)
*** RIVER *** [Kd 7c Jd Td] [9h]
*** SHOWDOWN ***
ef8876ca collected $5.83 from pot
*** SUMMARY ***
Total pot $6.23 | Rake $0.3 | Jackpot $0.1 | Bingo $0 | Fortune $0 | Tax $0
Board [Kd 7c Jd Td 9h]
Seat 1: a6ea8329 (button) folded before Flop (didn't bet)
Seat 2: fec151c4 (small blind) folded on the Flop
Seat 3: 97b0940a (big blind) showed [As Jh] and lost with Pair of Jacks
Seat 4: Hero folded before Flop (didn't bet)
Seat 5: ef8876ca showed [Ks Ad] and won ($5.83) with Pair of Kings
Seat 6: bff1b268 folded before Flop (didn't bet)


Poker Hand #HD1757024800: Hold'em No Limit ($0.05/$0.1) - 2024/05/03 17:04:43
Table 'NLHRed67' 6-max Seat #6 is the button
Seat 1: a6ea8329 ($24.21 in chips)
Seat 2: fec151c4 ($10.43 in chips)
Seat 3: 97b0940a ($2.53 in chips)
Seat 4: Hero ($10.33 in chips)
Seat 5: ef8876ca ($10 in chips)
Seat 6: bff1b268 ($18.63 in chips)
a6ea8329: posts small blind $0.05
fec151c4: posts big blind $0.1
*** HOLE CARDS ***
Dealt to a6ea8329 
Dealt to fec151c4 
Dealt to 97b0940a 
Dealt to Hero [4d 3d]
Dealt to ef8876ca 
Dealt to bff1b268 
97b0940a: calls $0.1
Hero: folds
ef8876ca: folds
bff1b268: folds
a6ea8329: calls $0.05
fec151c4: checks
*** FLOP *** [Qd 7h 2d]
a6ea8329: checks
fec151c4: checks
97b0940a: bets $0.1
a6ea8329: folds
fec151c4: calls $0.1
*** TURN *** [Qd 7h 2d] [2c]
fec151c4: checks
97b0940a: bets $0.2
fec151c4: calls $0.2
*** RIVER *** [Qd 7h 2d 2c] [Ks]
fec151c4: checks
97b0940a: bets $0.9
fec151c4: folds
Uncalled bet ($0.9) returned to 97b0940a
*** SHOWDOWN ***
97b0940a collected $0.86 from pot
*** SUMMARY ***
Total pot $0.9 | Rake $0.04 | Jackpot $0 | Bingo $0 | Fortune $0 | Tax $0
Board [Qd 7h 2d 2c Ks]
Seat 1: a6ea8329 (small blind) folded on the Flop
Seat 2: fec151c4 (big blind) folded on the River
Seat 3: 97b0940a won ($0.86)
Seat 4: Hero folded before Flop (didn't bet)
Seat 5: ef8876ca folded before Flop (didn't bet)
Seat 6: bff1b268 (button) folded before Flop (didn't bet)


Poker Hand #HD1757024738: Hold'em No Limit ($0.05/$0.1) - 2024/05/03 17:04:21
Table 'NLHRed67' 6-max Seat #5 is the button
Seat 1: a6ea8329 ($24.31 in chips)
Seat 2: fec151c4 ($10.28 in chips)
Seat 3: 97b0940a ($2.53 in chips)
Seat 4: Hero ($10.33 in chips)
Seat 5: ef8876ca ($10 in chips)
Seat 6: bff1b268 ($18.68 in chips)
bff1b268: posts small blind $0.05
a6ea8329: posts big blind $0.1
*** HOLE CARDS ***
Dealt to a6ea8329 
Dealt to fec151c4 
Dealt to 97b0940a 
Dealt to Hero [Td 2d]
Dealt to ef8876ca 
Dealt to bff1b268 
fec151c4: raises $0.1 to $0.2
97b0940a: folds
Hero: folds
ef8876ca: folds
bff1b268: folds
a6ea8329: folds
Uncalled bet ($0.1) returned to fec151c4
*** SHOWDOWN ***
fec151c4 collected $0.25 from pot
*** SUMMARY ***
Total pot $0.25 | Rake $0 | Jackpot $0 | Bingo $0 | Fortune $0 | Tax $0
Seat 1: a6ea8329 (big blind) folded before Flop
Seat 2: fec151c4 collected ($0.25)
Seat 3: 97b0940a folded before Flop (didn't bet)
Seat 4: Hero folded before Flop (didn't bet)
Seat 5: ef8876ca (button) folded before Flop (didn't bet)
Seat 6: bff1b268 (small blind) folded before Flop


Poker Hand #HD1757024716: Hold'em No Limit ($0.05/$0.1) - 2024/05/03 17:04:11
Table 'NLHRed67' 6-max Seat #4 is the button
Seat 1: a6ea8329 ($24.31 in chips)
Seat 2: fec151c4 ($10.28 in chips)
Seat 3: 97b0940a ($2.53 in chips)
Seat 4: Hero ($10.33 in chips)
Seat 5: ef8876ca ($10.05 in chips)
Seat 6: bff1b268 ($18.63 in chips)
ef8876ca: posts small blind $0.05
bff1b268: posts big blind $0.1
*** HOLE CARDS ***
Dealt to a6ea8329 
Dealt to fec151c4 
Dealt to 97b0940a 
Dealt to Hero [4c 8h]
Dealt to ef8876ca 
Dealt to bff1b268 
a6ea8329: folds
fec151c4: folds
97b0940a: folds
Hero: folds
ef8876ca: folds
Uncalled bet ($0.05) returned to bff1b268
*** SHOWDOWN ***
bff1b268 collected $0.1 from pot
*** SUMMARY ***
Total pot $0.1 | Rake $0 | Jackpot $0 | Bingo $0 | Fortune $0 | Tax $0
Seat 1: a6ea8329 folded before Flop (didn't bet)
Seat 2: fec151c4 folded before Flop (didn't bet)
Seat 3: 97b0940a folded before Flop (didn't bet)
Seat 4: Hero (button) folded before Flop (didn't bet)
Seat 5: ef8876ca (small blind) folded before Flop
Seat 6: bff1b268 (big blind) collected ($0.1)


Poker Hand #HD1757024642: Hold'em No Limit ($0.05/$0.1) - 2024/05/03 17:03:49
Table 'NLHRed67' 6-max Seat #3 is the button
Seat 1: a6ea8329 ($24.16 in chips)
Seat 2: fec151c4 ($10.28 in chips)
Seat 3: 97b0940a ($2.53 in chips)
Seat 4: Hero ($10.38 in chips)
Seat 5: ef8876ca ($10.15 in chips)
Seat 6: bff1b268 ($18.63 in chips)
Hero: posts small blind $0.05
ef8876ca: posts big blind $0.1
*** HOLE CARDS ***
Dealt to a6ea8329 
Dealt to fec151c4 
Dealt to 97b0940a 
Dealt to Hero [3h Qc]
Dealt to ef8876ca 
Dealt to bff1b268 
bff1b268: folds
a6ea8329: raises $0.2 to $0.3
fec151c4: folds
97b0940a: folds
Hero: folds
ef8876ca: folds
Uncalled bet ($0.2) returned to a6ea8329
*** SHOWDOWN ***
a6ea8329 collected $0.25 from pot
*** SUMMARY ***
Total pot $0.25 | Rake $0 | Jackpot $0 | Bingo $0 | Fortune $0 | Tax $0
Seat 1: a6ea8329 collected ($0.25)
Seat 2: fec151c4 folded before Flop (didn't bet)
Seat 3: 97b0940a (button) folded before Flop (didn't bet)
Seat 4: Hero (small blind) folded before Flop
Seat 5: ef8876ca (big blind) folded before Flop
Seat 6: bff1b268 folded before Flop (didn't bet)


Poker Hand #HD1757024574: Hold'em No Limit ($0.05/$0.1) - 2024/05/03 17:03:18
Table 'NLHRed67' 6-max Seat #2 is the button
Seat 1: a6ea8329 ($24.01 in chips)
Seat 2: fec151c4 ($10.28 in chips)
Seat 3: 97b0940a ($2.58 in chips)
Seat 4: Hero ($10.48 in chips)
Seat 5: ef8876ca ($10.15 in chips)
Seat 6: bff1b268 ($18.63 in chips)
97b0940a: posts small blind $0.05
Hero: posts big blind $0.1
*** HOLE CARDS ***
Dealt to a6ea8329 
Dealt to fec151c4 
Dealt to 97b0940a 
Dealt to Hero [8d 3c]
Dealt to ef8876ca 
Dealt to bff1b268 
ef8876ca: folds
bff1b268: folds
a6ea8329: raises $0.15 to $0.25
fec151c4: folds
97b0940a: folds
Hero: folds
Uncalled bet ($0.15) returned to a6ea8329
*** SHOWDOWN ***
a6ea8329 collected $0.25 from pot
*** SUMMARY ***
Total pot $0.25 | Rake $0 | Jackpot $0 | Bingo $0 | Fortune $0 | Tax $0
Seat 1: a6ea8329 collected ($0.25)
Seat 2: fec151c4 (button) folded before Flop (didn't bet)
Seat 3: 97b0940a (small blind) folded before Flop
Seat 4: Hero (big blind) folded before Flop
Seat 5: ef8876ca folded before Flop (didn't bet)
Seat 6: bff1b268 folded before Flop (didn't bet)


Poker Hand #HD1757024458: Hold'em No Limit ($0.05/$0.1) - 2024/05/03 17:02:41
Table 'NLHRed67' 6-max Seat #1 is the button
Seat 1: a6ea8329 ($24.01 in chips)
Seat 2: fec151c4 ($9.9 in chips)
Seat 3: 97b0940a ($3 in chips)
Seat 4: Hero ($10.48 in chips)
Seat 5: ef8876ca ($10.15 in chips)
Seat 6: bff1b268 ($18.63 in chips)
fec151c4: posts small blind $0.05
97b0940a: posts big blind $0.1
*** HOLE CARDS ***
Dealt to a6ea8329 
Dealt to fec151c4 
Dealt to 97b0940a 
Dealt to Hero [Qc 9h]
Dealt to ef8876ca 
Dealt to bff1b268 
Hero: folds
ef8876ca: folds
bff1b268: folds
a6ea8329: folds
fec151c4: raises $0.15 to $0.25
97b0940a: calls $0.15
*** FLOP *** [9d Ac 3h]
fec151c4: bets $0.17
97b0940a: calls $0.17
*** TURN *** [9d Ac 3h] [6d]
fec151c4: bets $0.47
97b0940a: folds
Uncalled bet ($0.47) returned to fec151c4
*** SHOWDOWN ***
fec151c4 collected $0.8 from pot
*** SUMMARY ***
Total pot $0.84 | Rake $0.04 | Jackpot $0 | Bingo $0 | Fortune $0 | Tax $0
Board [9d Ac 3h 6d]
Seat 1: a6ea8329 (button) folded before Flop (didn't bet)
Seat 2: fec151c4 (small blind) won ($0.8)
Seat 3: 97b0940a (big blind) folded on the Turn
Seat 4: Hero folded before Flop (didn't bet)
Seat 5: ef8876ca folded before Flop (didn't bet)
Seat 6: bff1b268 folded before Flop (didn't bet)


Poker Hand #HD1757024407: Hold'em No Limit ($0.05/$0.1) - 2024/05/03 17:02:17
Table 'NLHRed67' 6-max Seat #6 is the button
Seat 1: a6ea8329 ($24.06 in chips)
Seat 2: fec151c4 ($10 in chips)
Seat 3: 97b0940a ($3 in chips)
Seat 4: Hero ($10.48 in chips)
Seat 5: ef8876ca ($10 in chips)
Seat 6: bff1b268 ($18.63 in chips)
a6ea8329: posts small blind $0.05
fec151c4: posts big blind $0.1
*** HOLE CARDS ***
Dealt to a6ea8329 
Dealt to fec151c4 
Dealt to 97b0940a 
Dealt to Hero [8d Qh]
Dealt to ef8876ca 
Dealt to bff1b268 
97b0940a: folds
Hero: folds
ef8876ca: raises $0.15 to $0.25
bff1b268: folds
a6ea8329: folds
fec151c4: folds
Uncalled bet ($0.15) returned to ef8876ca
*** SHOWDOWN ***
ef8876ca collected $0.25 from pot
*** SUMMARY ***
Total pot $0.25 | Rake $0 | Jackpot $0 | Bingo $0 | Fortune $0 | Tax $0
Seat 1: a6ea8329 (small blind) folded before Flop
Seat 2: fec151c4 (big blind) folded before Flop
Seat 3: 97b0940a folded before Flop (didn't bet)
Seat 4: Hero folded before Flop (didn't bet)
Seat 5: ef8876ca collected ($0.25)
Seat 6: bff1b268 (button) folded before Flop (didn't bet)


Poker Hand #HD1757024142: Hold'em No Limit ($0.05/$0.1) - 2024/05/03 17:00:27
Table 'NLHRed67' 6-max Seat #5 is the button
Seat 1: a6ea8329 ($21.42 in chips)
Seat 3: 97b0940a ($4.45 in chips)
Seat 4: Hero ($10.48 in chips)
Seat 5: ef8876ca ($10 in chips)
Seat 6: bff1b268 ($18.68 in chips)
bff1b268: posts small blind $0.05
a6ea8329: posts big blind $0.1
*** HOLE CARDS ***
Dealt to a6ea8329 
Dealt to 97b0940a 
Dealt to Hero [2h Jd]
Dealt to ef8876ca 
Dealt to bff1b268 
97b0940a: calls $0.1
Hero: folds
ef8876ca: raises $0.27 to $0.37
bff1b268: folds
a6ea8329: calls $0.27
97b0940a: calls $0.27
*** FLOP *** [Ks 7d 4d]
a6ea8329: checks
97b0940a: checks
ef8876ca: bets $0.38
a6ea8329: calls $0.38
97b0940a: calls $0.38
*** TURN *** [Ks 7d 4d] [6c]
a6ea8329: checks
97b0940a: bets $0.7
ef8876ca: calls $0.7
a6ea8329: calls $0.7
*** RIVER *** [Ks 7d 4d 6c] [Ah]
a6ea8329: checks
97b0940a: checks
ef8876ca: checks
a6ea8329: shows [Qd Kc] (Pair of Kings)
97b0940a: shows [9s 3s] (Ace-High)
ef8876ca: shows [Kh Td] (Pair of Kings)
*** SHOWDOWN ***
a6ea8329 collected $4.09 from pot
*** SUMMARY ***
Total pot $4.4 | Rake $0.21 | Jackpot $0.1 | Bingo $0 | Fortune $0 | Tax $0
Board [Ks 7d 4d 6c Ah]
Seat 1: a6ea8329 (big blind) showed [Qd Kc] and won ($4.09) with Pair of Kings
Seat 3: 97b0940a showed [9s 3s] and lost with Ace-High
Seat 4: Hero folded before Flop (didn't bet)
Seat 5: ef8876ca (button) showed [Kh Td] and lost with Pair of Kings
Seat 6: bff1b268 (small blind) folded before Flop


Poker Hand #HD1757024108: Hold'em No Limit ($0.05/$0.1) - 2024/05/03 17:00:13
Table 'NLHRed67' 6-max Seat #4 is the button
Seat 1: a6ea8329 ($21.42 in chips)
Seat 3: 97b0940a ($4.3 in chips)
Seat 4: Hero ($10.48 in chips)
Seat 5: ef8876ca ($10.05 in chips)
Seat 6: bff1b268 ($18.78 in chips)
ef8876ca: posts small blind $0.05
bff1b268: posts big blind $0.1
97b0940a: posts big blind $0.1
*** HOLE CARDS ***
Dealt to a6ea8329 
Dealt to 97b0940a 
Dealt to Hero [7s 8s]
Dealt to ef8876ca 
Dealt to bff1b268 
a6ea8329: folds
97b0940a: raises $0.1 to $0.2
Hero: folds
ef8876ca: folds
bff1b268: folds
Uncalled bet ($0.1) returned to 97b0940a
*** SHOWDOWN ***
97b0940a collected $0.25 from pot
*** SUMMARY ***
Total pot $0.25 | Rake $0 | Jackpot $0 | Bingo $0 | Fortune $0 | Tax $0
Seat 1: a6ea8329 folded before Flop (didn't bet)
Seat 3: 97b0940a collected ($0.25)
Seat 4: Hero (button) folded before Flop (didn't bet)
Seat 5: ef8876ca (small blind) folded before Flop
Seat 6: bff1b268 (big blind) folded before Flop


Poker Hand #HD1757024066: Hold'em No Limit ($0.05/$0.1) - 2024/05/03 16:59:58
Table 'NLHRed67' 6-max Seat #1 is the button
Seat 1: a6ea8329 ($21.42 in chips)
Seat 4: Hero ($10.38 in chips)
Seat 5: ef8876ca ($10.15 in chips)
Seat 6: bff1b268 ($18.78 in chips)
Hero: posts small blind $0.05
ef8876ca: posts big blind $0.1
*** HOLE CARDS ***
Dealt to a6ea8329 
Dealt to Hero [6s Qs]
Dealt to ef8876ca 
Dealt to bff1b268 
bff1b268: folds
a6ea8329: folds
Hero: raises $0.2 to $0.3
ef8876ca: folds
Uncalled bet ($0.2) returned to Hero
*** SHOWDOWN ***
Hero collected $0.2 from pot
*** SUMMARY ***
Total pot $0.2 | Rake $0 | Jackpot $0 | Bingo $0 | Fortune $0 | Tax $0
Seat 1: a6ea8329 (button) folded before Flop (didn't bet)
Seat 4: Hero (small blind) collected ($0.2)
Seat 5: ef8876ca (big blind) folded before Flop
Seat 6: bff1b268 folded before Flop (didn't bet)


Poker Hand #HD1757024024: Hold'em No Limit ($0.05/$0.1) - 2024/05/03 16:59:45
Table 'NLHRed67' 6-max Seat #6 is the button
Seat 1: a6ea8329 ($21.32 in chips)
Seat 4: Hero ($10.48 in chips)
Seat 5: ef8876ca ($10.15 in chips)
Seat 6: bff1b268 ($18.78 in chips)
a6ea8329: posts small blind $0.05
Hero: posts big blind $0.1
*** HOLE CARDS ***
Dealt to a6ea8329 
Dealt to Hero [4s Td]
Dealt to ef8876ca 
Dealt to bff1b268 
ef8876ca: folds
bff1b268: folds
a6ea8329: raises $0.15 to $0.25
Hero: folds
Uncalled bet ($0.15) returned to a6ea8329
*** SHOWDOWN ***
a6ea8329 collected $0.2 from pot
*** SUMMARY ***
Total pot $0.2 | Rake $0 | Jackpot $0 | Bingo $0 | Fortune $0 | Tax $0
Seat 1: a6ea8329 (small blind) collected ($0.2)
Seat 4: Hero (big blind) folded before Flop
Seat 5: ef8876ca folded before Flop (didn't bet)
Seat 6: bff1b268 (button) folded before Flop (didn't bet)


Poker Hand #HD1757023983: Hold'em No Limit ($0.05/$0.1) - 2024/05/03 16:59:26
Table 'NLHRed67' 6-max Seat #5 is the button
Seat 1: a6ea8329 ($21.42 in chips)
Seat 2: d186c698 ($10 in chips)
Seat 4: Hero ($10.48 in chips)
Seat 5: ef8876ca ($10 in chips)
Seat 6: bff1b268 ($18.83 in chips)
bff1b268: posts small blind $0.05
a6ea8329: posts big blind $0.1
*** HOLE CARDS ***
Dealt to a6ea8329 
Dealt to d186c698 
Dealt to Hero [2s 9d]
Dealt to ef8876ca 
Dealt to bff1b268 
d186c698: folds
Hero: folds
ef8876ca: raises $0.15 to $0.25
bff1b268: folds
a6ea8329: folds
Uncalled bet ($0.15) returned to ef8876ca
*** SHOWDOWN ***
ef8876ca collected $0.25 from pot
*** SUMMARY ***
Total pot $0.25 | Rake $0 | Jackpot $0 | Bingo $0 | Fortune $0 | Tax $0
Seat 1: a6ea8329 (big blind) folded before Flop
Seat 2: d186c698 folded before Flop (didn't bet)
Seat 4: Hero folded before Flop (didn't bet)
Seat 5: ef8876ca (button) collected ($0.25)
Seat 6: bff1b268 (small blind) folded before Flop


Poker Hand #HD1757023921: Hold'em No Limit ($0.05/$0.1) - 2024/05/03 16:59:02
Table 'NLHRed67' 6-max Seat #4 is the button
Seat 1: a6ea8329 ($21 in chips)
Seat 2: d186c698 ($10 in chips)
Seat 3: 4110f2b8 ($4.6 in chips)
Seat 4: Hero ($10.48 in chips)
Seat 5: ef8876ca ($10 in chips)
Seat 6: bff1b268 ($18.93 in chips)
ef8876ca: posts small blind $0.05
bff1b268: posts big blind $0.1
*** HOLE CARDS ***
Dealt to a6ea8329 
Dealt to d186c698 
Dealt to 4110f2b8 
Dealt to Hero [Jd 5h]
Dealt to ef8876ca 
Dealt to bff1b268 
a6ea8329: raises $0.2 to $0.3
d186c698: folds
4110f2b8: calls $0.3
Hero: folds
ef8876ca: folds
bff1b268: folds
*** FLOP *** [Qh 2d 4c]
a6ea8329: bets $0.4
4110f2b8: folds
Uncalled bet ($0.4) returned to a6ea8329
*** SHOWDOWN ***
a6ea8329 collected $0.72 from pot
*** SUMMARY ***
Total pot $0.75 | Rake $0.03 | Jackpot $0 | Bingo $0 | Fortune $0 | Tax $0
Board [Qh 2d 4c]
Seat 1: a6ea8329 won ($0.72)
Seat 2: d186c698 folded before Flop (didn't bet)
Seat 3: 4110f2b8 folded on the Flop
Seat 4: Hero (button) folded before Flop (didn't bet)
Seat 5: ef8876ca (small blind) folded before Flop
Seat 6: bff1b268 (big blind) folded before Flop


Poker Hand #HD1757023829: Hold'em No Limit ($0.05/$0.1) - 2024/05/03 16:58:27
Table 'NLHRed67' 6-max Seat #3 is the button
Seat 1: a6ea8329 ($21 in chips)
Seat 2: d186c698 ($10 in chips)
Seat 3: 4110f2b8 ($4.46 in chips)
Seat 4: Hero ($10.53 in chips)
Seat 5: ef8876ca ($10 in chips)
Seat 6: bff1b268 ($18.93 in chips)
Hero: posts small blind $0.05
ef8876ca: posts big blind $0.1
*** HOLE CARDS ***
Dealt to a6ea8329 
Dealt to d186c698 
Dealt to 4110f2b8 
Dealt to Hero [8h Ks]
Dealt to ef8876ca 
Dealt to bff1b268 
bff1b268: folds
a6ea8329: folds
d186c698: folds
4110f2b8: calls $0.1
Hero: folds
ef8876ca: checks
*** FLOP *** [Qs Jc 3c]
ef8876ca: checks
4110f2b8: checks
*** TURN *** [Qs Jc 3c] [3d]
ef8876ca: checks
4110f2b8: checks
*** RIVER *** [Qs Jc 3c 3d] [Qd]
ef8876ca: checks
4110f2b8: checks
ef8876ca: shows [6d 7d] (Pair of Queens and Pair of Treys)
4110f2b8: shows [Ac 7s] (Pair of Queens and Pair of Treys)
*** SHOWDOWN ***
4110f2b8 collected $0.24 from pot
*** SUMMARY ***
Total pot $0.25 | Rake $0.01 | Jackpot $0 | Bingo $0 | Fortune $0 | Tax $0
Board [Qs Jc 3c 3d Qd]
Seat 1: a6ea8329 folded before Flop (didn't bet)
Seat 2: d186c698 folded before Flop (didn't bet)
Seat 3: 4110f2b8 (button) showed [Ac 7s] and won ($0.24) with Pair of Queens and Pair of Treys
Seat 4: Hero (small blind) folded before Flop
Seat 5: ef8876ca (big blind) showed [6d 7d] and lost with Pair of Queens and Pair of Treys
Seat 6: bff1b268 folded before Flop (didn't bet)


Poker Hand #HD1757023524: Hold'em No Limit ($0.05/$0.1) - 2024/05/03 16:56:31
Table 'NLHRed67' 6-max Seat #2 is the button
Seat 1: a6ea8329 ($21 in chips)
Seat 2: d186c698 ($10.1 in chips)
Seat 3: 4110f2b8 ($6.38 in chips)
Seat 4: Hero ($10.75 in chips)
Seat 6: bff1b268 ($16.87 in chips)
4110f2b8: posts small blind $0.05
Hero: posts big blind $0.1
*** HOLE CARDS ***
Dealt to a6ea8329 
Dealt to d186c698 
Dealt to 4110f2b8 
Dealt to Hero [Td 8d]
Dealt to bff1b268 
bff1b268: raises $0.12 to $0.22
a6ea8329: folds
d186c698: calls $0.22
4110f2b8: calls $0.17
Hero: calls $0.12
*** FLOP *** [6s 5h 2d]
4110f2b8: checks
Hero: checks
bff1b268: checks
d186c698: checks
*** TURN *** [6s 5h 2d] [5s]
4110f2b8: bets $0.5
Hero: folds
bff1b268: calls $0.5
d186c698: folds
*** RIVER *** [6s 5h 2d 5s] [2s]
4110f2b8: bets $1.2
bff1b268: calls $1.2
4110f2b8: shows [Kc Jh] (Pair of Fives and Pair of Twos)
bff1b268: shows [Js As] (Ace High Flush)
*** SHOWDOWN ***
bff1b268 collected $3.98 from pot
*** SUMMARY ***
Total pot $4.28 | Rake $0.2 | Jackpot $0.1 | Bingo $0 | Fortune $0 | Tax $0
Board [6s 5h 2d 5s 2s]
Seat 1: a6ea8329 folded before Flop (didn't bet)
Seat 2: d186c698 (button) folded on the Turn
Seat 3: 4110f2b8 (small blind) showed [Kc Jh] and lost with Pair of Fives and Pair of Twos
Seat 4: Hero (big blind) folded on the Turn
Seat 6: bff1b268 showed [Js As] and won ($3.98) with Ace High Flush


Poker Hand #HD1757023468: Hold'em No Limit ($0.05/$0.1) - 2024/05/03 16:56:06
Table 'NLHRed67' 6-max Seat #1 is the button
Seat 1: a6ea8329 ($21 in chips)
Seat 2: d186c698 ($10 in chips)
Seat 3: 4110f2b8 ($6.48 in chips)
Seat 4: Hero ($10.75 in chips)
Seat 6: bff1b268 ($16.87 in chips)
d186c698: posts small blind $0.05
4110f2b8: posts big blind $0.1
*** HOLE CARDS ***
Dealt to a6ea8329 
Dealt to d186c698 
Dealt to 4110f2b8 
Dealt to Hero [7d Ah]
Dealt to bff1b268 
Hero: folds
bff1b268: folds
a6ea8329: folds
d186c698: raises $0.15 to $0.25
4110f2b8: folds
Uncalled bet ($0.15) returned to d186c698
*** SHOWDOWN ***
d186c698 collected $0.2 from pot
*** SUMMARY ***
Total pot $0.2 | Rake $0 | Jackpot $0 | Bingo $0 | Fortune $0 | Tax $0
Seat 1: a6ea8329 (button) folded before Flop (didn't bet)
Seat 2: d186c698 (small blind) collected ($0.2)
Seat 3: 4110f2b8 (big blind) folded before Flop
Seat 4: Hero folded before Flop (didn't bet)
Seat 6: bff1b268 folded before Flop (didn't bet)


Poker Hand #HD1757023416: Hold'em No Limit ($0.05/$0.1) - 2024/05/03 16:55:43
Table 'NLHRed67' 6-max Seat #6 is the button
Seat 1: a6ea8329 ($20.9 in chips)
Seat 2: d186c698 ($10 in chips)
Seat 3: 4110f2b8 ($6.48 in chips)
Seat 4: Hero ($10.75 in chips)
Seat 6: bff1b268 ($16.87 in chips)
a6ea8329: posts small blind $0.05
d186c698: posts big blind $0.1
*** HOLE CARDS ***
Dealt to a6ea8329 
Dealt to d186c698 
Dealt to 4110f2b8 
Dealt to Hero [Qh 4h]
Dealt to bff1b268 
4110f2b8: folds
Hero: folds
bff1b268: folds
a6ea8329: raises $0.15 to $0.25
d186c698: folds
Uncalled bet ($0.15) returned to a6ea8329
*** SHOWDOWN ***
a6ea8329 collected $0.2 from pot
*** SUMMARY ***
Total pot $0.2 | Rake $0 | Jackpot $0 | Bingo $0 | Fortune $0 | Tax $0
Seat 1: a6ea8329 (small blind) collected ($0.2)
Seat 2: d186c698 (big blind) folded before Flop
Seat 3: 4110f2b8 folded before Flop (didn't bet)
Seat 4: Hero folded before Flop (didn't bet)
Seat 6: bff1b268 (button) folded before Flop (didn't bet)


Poker Hand #HD1757023299: Hold'em No Limit ($0.05/$0.1) - 2024/05/03 16:55:00
Table 'NLHRed67' 6-max Seat #4 is the button
Seat 1: a6ea8329 ($20.49 in chips)
Seat 2: 43d90e7 ($6.91 in chips)
Seat 3: 4110f2b8 ($6.88 in chips)
Seat 4: Hero ($10.75 in chips)
Seat 6: bff1b268 ($16.92 in chips)
bff1b268: posts small blind $0.05
a6ea8329: posts big blind $0.1
*** HOLE CARDS ***
Dealt to a6ea8329 
Dealt to 43d90e7 
Dealt to 4110f2b8 
Dealt to Hero [3c 4s]
Dealt to bff1b268 
43d90e7: folds
4110f2b8: calls $0.1
Hero: folds
bff1b268: folds
a6ea8329: raises $0.3 to $0.4
4110f2b8: calls $0.3
*** FLOP *** [Kc 5s Kd]
a6ea8329: bets $0.29
4110f2b8: folds
Uncalled bet ($0.29) returned to a6ea8329
*** SHOWDOWN ***
a6ea8329 collected $0.81 from pot
*** SUMMARY ***
Total pot $0.85 | Rake $0.04 | Jackpot $0 | Bingo $0 | Fortune $0 | Tax $0
Board [Kc 5s Kd]
Seat 1: a6ea8329 (big blind) won ($0.81)
Seat 2: 43d90e7 folded before Flop (didn't bet)
Seat 3: 4110f2b8 folded on the Flop
Seat 4: Hero (button) folded before Flop (didn't bet)
Seat 6: bff1b268 (small blind) folded before Flop


Poker Hand #HD1757023219: Hold'em No Limit ($0.05/$0.1) - 2024/05/03 16:54:28
Table 'NLHRed67' 6-max Seat #3 is the button
Seat 1: a6ea8329 ($20.49 in chips)
Seat 2: 43d90e7 ($6.91 in chips)
Seat 3: 4110f2b8 ($6.74 in chips)
Seat 4: Hero ($10.8 in chips)
Seat 5: 56b4270e ($7.84 in chips)
Seat 6: bff1b268 ($16.92 in chips)
Hero: posts small blind $0.05
56b4270e: posts big blind $0.1
*** HOLE CARDS ***
Dealt to a6ea8329 
Dealt to 43d90e7 
Dealt to 4110f2b8 
Dealt to Hero [Th 4s]
Dealt to 56b4270e 
Dealt to bff1b268 
bff1b268: folds
a6ea8329: folds
43d90e7: folds
4110f2b8: calls $0.1
Hero: folds
56b4270e: checks
*** FLOP *** [Ad 5h 6h]
56b4270e: checks
4110f2b8: checks
*** TURN *** [Ad 5h 6h] [5d]
56b4270e: checks
4110f2b8: bets $0.5
56b4270e: folds
Uncalled bet ($0.5) returned to 4110f2b8
*** SHOWDOWN ***
4110f2b8 collected $0.24 from pot
*** SUMMARY ***
Total pot $0.25 | Rake $0.01 | Jackpot $0 | Bingo $0 | Fortune $0 | Tax $0
Board [Ad 5h 6h 5d]
Seat 1: a6ea8329 folded before Flop (didn't bet)
Seat 2: 43d90e7 folded before Flop (didn't bet)
Seat 3: 4110f2b8 (button) won ($0.24)
Seat 4: Hero (small blind) folded before Flop
Seat 5: 56b4270e (big blind) folded on the Turn
Seat 6: bff1b268 folded before Flop (didn't bet)


Poker Hand #HD1757023198: Hold'em No Limit ($0.05/$0.1) - 2024/05/03 16:54:18
Table 'NLHRed67' 6-max Seat #2 is the button
Seat 1: a6ea8329 ($20.34 in chips)
Seat 2: 43d90e7 ($6.91 in chips)
Seat 3: 4110f2b8 ($6.79 in chips)
Seat 4: Hero ($10.9 in chips)
Seat 5: 56b4270e ($7.84 in chips)
Seat 6: bff1b268 ($16.92 in chips)
4110f2b8: posts small blind $0.05
Hero: posts big blind $0.1
*** HOLE CARDS ***
Dealt to a6ea8329 
Dealt to 43d90e7 
Dealt to 4110f2b8 
Dealt to Hero [8s Th]
Dealt to 56b4270e 
Dealt to bff1b268 
56b4270e: folds
bff1b268: folds
a6ea8329: raises $0.15 to $0.25
43d90e7: folds
4110f2b8: folds
Hero: folds
Uncalled bet ($0.15) returned to a6ea8329
*** SHOWDOWN ***
a6ea8329 collected $0.25 from pot
*** SUMMARY ***
Total pot $0.25 | Rake $0 | Jackpot $0 | Bingo $0 | Fortune $0 | Tax $0
Seat 1: a6ea8329 collected ($0.25)
Seat 2: 43d90e7 (button) folded before Flop (didn't bet)
Seat 3: 4110f2b8 (small blind) folded before Flop
Seat 4: Hero (big blind) folded before Flop
Seat 5: 56b4270e folded before Flop (didn't bet)
Seat 6: bff1b268 folded before Flop (didn't bet)


Poker Hand #HD1757023100: Hold'em No Limit ($0.05/$0.1) - 2024/05/03 16:53:37
Table 'NLHRed67' 6-max Seat #1 is the button
Seat 1: a6ea8329 ($20.34 in chips)
Seat 2: 43d90e7 ($7.99 in chips)
Seat 3: 4110f2b8 ($6.89 in chips)
Seat 4: Hero ($10.9 in chips)
Seat 5: 56b4270e ($6.77 in chips)
Seat 6: bff1b268 ($16.92 in chips)
43d90e7: posts small blind $0.05
4110f2b8: posts big blind $0.1
*** HOLE CARDS ***
Dealt to a6ea8329 
Dealt to 43d90e7 
Dealt to 4110f2b8 
Dealt to Hero [8d 6s]
Dealt to 56b4270e 
Dealt to bff1b268 
Hero: folds
56b4270e: raises $0.1 to $0.2
bff1b268: folds
a6ea8329: folds
43d90e7: raises $0.5 to $0.7
4110f2b8: folds
56b4270e: calls $0.5
*** FLOP *** [8c Ad 2d]
43d90e7: bets $0.38
56b4270e: calls $0.38
*** TURN *** [8c Ad 2d] [Kc]
43d90e7: checks
56b4270e: bets $0.75
43d90e7: folds
Uncalled bet ($0.75) returned to 56b4270e
*** SHOWDOWN ***
56b4270e collected $2.15 from pot
*** SUMMARY ***
Total pot $2.26 | Rake $0.11 | Jackpot $0 | Bingo $0 | Fortune $0 | Tax $0
Board [8c Ad 2d Kc]
Seat 1: a6ea8329 (button) folded before Flop (didn't bet)
Seat 2: 43d90e7 (small blind) folded on the Turn
Seat 3: 4110f2b8 (big blind) folded before Flop
Seat 4: Hero folded before Flop (didn't bet)
Seat 5: 56b4270e won ($2.15)
Seat 6: bff1b268 folded before Flop (didn't bet)


Poker Hand #HD1757022970: Hold'em No Limit ($0.05/$0.1) - 2024/05/03 16:52:43
Table 'NLHRed67' 6-max Seat #6 is the button
Seat 1: a6ea8329 ($20.39 in chips)
Seat 2: 43d90e7 ($8.09 in chips)
Seat 3: 4110f2b8 ($7.73 in chips)
Seat 4: Hero ($10 in chips)
Seat 5: 56b4270e ($6.77 in chips)
Seat 6: bff1b268 ($16.92 in chips)
a6ea8329: posts small blind $0.05
43d90e7: posts big blind $0.1
*** HOLE CARDS ***
Dealt to a6ea8329 
Dealt to 43d90e7 
Dealt to 4110f2b8 
Dealt to Hero [Qc Ad]
Dealt to 56b4270e 
Dealt to bff1b268 
4110f2b8: calls $0.1
Hero: raises $0.24 to $0.34
56b4270e: folds
bff1b268: folds
a6ea8329: folds
43d90e7: folds
4110f2b8: calls $0.24
*** FLOP *** [6d Jh 4c]
4110f2b8: checks
Hero: checks
*** TURN *** [6d Jh 4c] [4s]
4110f2b8: bets $0.1
Hero: calls $0.1
*** RIVER *** [6d Jh 4c 4s] [Qd]
4110f2b8: bets $0.1
Hero: raises $0.3 to $0.4
4110f2b8: calls $0.3
Hero: shows [Qc Ad] (Pair of Queens and Pair of Fours)
4110f2b8: shows [Tc Js] (Pair of Jacks and Pair of Fours)
*** SHOWDOWN ***
Hero collected $1.74 from pot
*** SUMMARY ***
Total pot $1.83 | Rake $0.09 | Jackpot $0 | Bingo $0 | Fortune $0 | Tax $0
Board [6d Jh 4c 4s Qd]
Seat 1: a6ea8329 (small blind) folded before Flop
Seat 2: 43d90e7 (big blind) folded before Flop
Seat 3: 4110f2b8 showed [Tc Js] and lost with Pair of Jacks and Pair of Fours
Seat 4: Hero showed [Qc Ad] and won ($1.74) with Pair of Queens and Pair of Fours
Seat 5: 56b4270e folded before Flop (didn't bet)
Seat 6: bff1b268 (button) folded before Flop (didn't bet)


Poker Hand #HD1757022902: Hold'em No Limit ($0.05/$0.1) - 2024/05/03 16:52:13
Table 'NLHRed67' 6-max Seat #5 is the button
Seat 1: a6ea8329 ($19.98 in chips)
Seat 2: 43d90e7 ($8.09 in chips)
Seat 3: 4110f2b8 ($8.13 in chips)
Seat 4: Hero ($10 in chips)
Seat 5: 56b4270e ($6.77 in chips)
Seat 6: bff1b268 ($16.97 in chips)
bff1b268: posts small blind $0.05
a6ea8329: posts big blind $0.1
*** HOLE CARDS ***
Dealt to a6ea8329 
Dealt to 43d90e7 
Dealt to 4110f2b8 
Dealt to Hero [2c 7h]
Dealt to 56b4270e 
Dealt to bff1b268 
43d90e7: folds
4110f2b8: calls $0.1
Hero: folds
56b4270e: folds
bff1b268: folds
a6ea8329: raises $0.3 to $0.4
4110f2b8: calls $0.3
*** FLOP *** [Ac 3d Ad]
a6ea8329: bets $0.29
4110f2b8: folds
Uncalled bet ($0.29) returned to a6ea8329
*** SHOWDOWN ***
a6ea8329 collected $0.81 from pot
*** SUMMARY ***
Total pot $0.85 | Rake $0.04 | Jackpot $0 | Bingo $0 | Fortune $0 | Tax $0
Board [Ac 3d Ad]
Seat 1: a6ea8329 (big blind) won ($0.81)
Seat 2: 43d90e7 folded before Flop (didn't bet)
Seat 3: 4110f2b8 folded on the Flop
Seat 4: Hero folded before Flop (didn't bet)
Seat 5: 56b4270e (button) folded before Flop (didn't bet)
Seat 6: bff1b268 (small blind) folded before Flop


Poker Hand #HD1757022755: Hold'em No Limit ($0.05/$0.1) - 2024/05/03 16:51:18
Table 'NLHRed67' 6-max Seat #4 is the button
Seat 1: a6ea8329 ($19.98 in chips)
Seat 2: 43d90e7 ($8.09 in chips)
Seat 3: 4110f2b8 ($7.9 in chips)
Seat 4: Hero ($10 in chips)
Seat 5: 56b4270e ($6.82 in chips)
Seat 6: bff1b268 ($17.17 in chips)
56b4270e: posts small blind $0.05
bff1b268: posts big blind $0.1
*** HOLE CARDS ***
Dealt to a6ea8329 
Dealt to 43d90e7 
Dealt to 4110f2b8 
Dealt to Hero [6d Qc]
Dealt to 56b4270e 
Dealt to bff1b268 
a6ea8329: folds
43d90e7: folds
4110f2b8: calls $0.1
Hero: folds
56b4270e: folds
bff1b268: checks
*** FLOP *** [3d 4d 6s]
bff1b268: checks
4110f2b8: checks
*** TURN *** [3d 4d 6s] [Ad]
bff1b268: checks
4110f2b8: checks
*** RIVER *** [3d 4d 6s Ad] [4h]
bff1b268: checks
4110f2b8: bets $0.1
bff1b268: calls $0.1
4110f2b8: shows [5d Jd] (Ace High Flush)
bff1b268: shows [6h 9d] (Pair of Sixes and Pair of Fours)
*** SHOWDOWN ***
4110f2b8 collected $0.43 from pot
*** SUMMARY ***
Total pot $0.45 | Rake $0.02 | Jackpot $0 | Bingo $0 | Fortune $0 | Tax $0
Board [3d 4d 6s Ad 4h]
Seat 1: a6ea8329 folded before Flop (didn't bet)
Seat 2: 43d90e7 folded before Flop (didn't bet)
Seat 3: 4110f2b8 showed [5d Jd] and won ($0.43) with Ace High Flush
Seat 4: Hero (button) folded before Flop (didn't bet)
Seat 5: 56b4270e (small blind) folded before Flop
Seat 6: bff1b268 (big blind) showed [6h 9d] and lost with Pair of Sixes and Pair of Fours


Poker Hand #HD1757022712: Hold'em No Limit ($0.05/$0.1) - 2024/05/03 16:51:02
Table 'NLHRed67' 6-max Seat #3 is the button
Seat 1: a6ea8329 ($19.98 in chips)
Seat 2: 43d90e7 ($8.09 in chips)
Seat 3: 4110f2b8 ($7.75 in chips)
Seat 4: Hero ($10 in chips)
Seat 5: 56b4270e ($6.92 in chips)
Seat 6: bff1b268 ($17.17 in chips)
Hero: posts small blind $0.05
56b4270e: posts big blind $0.1
*** HOLE CARDS ***
Dealt to a6ea8329 
Dealt to 43d90e7 
Dealt to 4110f2b8 
Dealt to Hero [Jh 5d]
Dealt to 56b4270e 
Dealt to bff1b268 
bff1b268: folds
a6ea8329: folds
43d90e7: folds
4110f2b8: raises $0.1 to $0.2
Hero: folds
56b4270e: folds
Uncalled bet ($0.1) returned to 4110f2b8
*** SHOWDOWN ***
4110f2b8 collected $0.25 from pot
*** SUMMARY ***
Total pot $0.25 | Rake $0 | Jackpot $0 | Bingo $0 | Fortune $0 | Tax $0
Seat 1: a6ea8329 folded before Flop (didn't bet)
Seat 2: 43d90e7 folded before Flop (didn't bet)
Seat 3: 4110f2b8 (button) collected ($0.25)
Seat 4: Hero (small blind) folded before Flop
Seat 5: 56b4270e (big blind) folded before Flop
Seat 6: bff1b268 folded before Flop (didn't bet)


Poker Hand #HD1757022580: Hold'em No Limit ($0.05/$0.1) - 2024/05/03 16:50:12
Table 'NLHRed67' 6-max Seat #2 is the button
Seat 1: a6ea8329 ($19.36 in chips)
Seat 2: 43d90e7 ($8.09 in chips)
Seat 3: 4110f2b8 ($7.97 in chips)
Seat 4: Hero ($10 in chips)
Seat 5: 56b4270e ($6.92 in chips)
Seat 6: bff1b268 ($17.39 in chips)
4110f2b8: posts small blind $0.05
Hero: posts big blind $0.1
*** HOLE CARDS ***
Dealt to a6ea8329 
Dealt to 43d90e7 
Dealt to 4110f2b8 
Dealt to Hero [Tc Qs]
Dealt to 56b4270e 
Dealt to bff1b268 
56b4270e: folds
bff1b268: raises $0.12 to $0.22
a6ea8329: calls $0.22
43d90e7: folds
4110f2b8: calls $0.17
Hero: calls $0.12
*** FLOP *** [3s 4c 5d]
4110f2b8: checks
Hero: checks
bff1b268: checks
a6ea8329: bets $0.47
4110f2b8: folds
Hero: folds
bff1b268: folds
Uncalled bet ($0.47) returned to a6ea8329
*** SHOWDOWN ***
a6ea8329 collected $0.84 from pot
*** SUMMARY ***
Total pot $0.88 | Rake $0.04 | Jackpot $0 | Bingo $0 | Fortune $0 | Tax $0
Board [3s 4c 5d]
Seat 1: a6ea8329 won ($0.84)
Seat 2: 43d90e7 (button) folded before Flop (didn't bet)
Seat 3: 4110f2b8 (small blind) folded on the Flop
Seat 4: Hero (big blind) folded on the Flop
Seat 5: 56b4270e folded before Flop (didn't bet)
Seat 6: bff1b268 folded on the Flop


Poker Hand #HD1757022483: Hold'em No Limit ($0.05/$0.1) - 2024/05/03 16:49:31
Table 'NLHRed67' 6-max Seat #1 is the button
Seat 1: a6ea8329 ($19.36 in chips)
Seat 2: 43d90e7 ($8.14 in chips)
Seat 3: 4110f2b8 ($7.55 in chips)
Seat 4: Hero ($10 in chips)
Seat 5: 56b4270e ($7.33 in chips)
Seat 6: bff1b268 ($17.39 in chips)
43d90e7: posts small blind $0.05
4110f2b8: posts big blind $0.1
*** HOLE CARDS ***
Dealt to a6ea8329 
Dealt to 43d90e7 
Dealt to 4110f2b8 
Dealt to Hero [Jd 4d]
Dealt to 56b4270e 
Dealt to bff1b268 
Hero: folds
56b4270e: raises $0.1 to $0.2
bff1b268: folds
a6ea8329: folds
43d90e7: folds
4110f2b8: calls $0.1
*** FLOP *** [Kc 7s 3d]
4110f2b8: checks
56b4270e: bets $0.21
4110f2b8: calls $0.21
*** TURN *** [Kc 7s 3d] [Kh]
4110f2b8: checks
56b4270e: checks
*** RIVER *** [Kc 7s 3d Kh] [Ah]
4110f2b8: bets $0.5
56b4270e: folds
Uncalled bet ($0.5) returned to 4110f2b8
*** SHOWDOWN ***
4110f2b8 collected $0.83 from pot
*** SUMMARY ***
Total pot $0.87 | Rake $0.04 | Jackpot $0 | Bingo $0 | Fortune $0 | Tax $0
Board [Kc 7s 3d Kh Ah]
Seat 1: a6ea8329 (button) folded before Flop (didn't bet)
Seat 2: 43d90e7 (small blind) folded before Flop
Seat 3: 4110f2b8 (big blind) won ($0.83)
Seat 4: Hero folded before Flop (didn't bet)
Seat 5: 56b4270e folded on the River
Seat 6: bff1b268 folded before Flop (didn't bet)


Poker Hand #HD1757022306: Hold'em No Limit ($0.05/$0.1) - 2024/05/03 16:48:21
Table 'NLHRed67' 6-max Seat #6 is the button
Seat 1: a6ea8329 ($18.9 in chips)
Seat 2: 43d90e7 ($8.24 in chips)
Seat 3: 4110f2b8 ($7.95 in chips)
Seat 4: Hero ($10 in chips)
Seat 5: 56b4270e ($7.33 in chips)
Seat 6: bff1b268 ($17.39 in chips)
a6ea8329: posts small blind $0.05
43d90e7: posts big blind $0.1
*** HOLE CARDS ***
Dealt to a6ea8329 
Dealt to 43d90e7 
Dealt to 4110f2b8 
Dealt to Hero [6h 4c]
Dealt to 56b4270e 
Dealt to bff1b268 
4110f2b8: calls $0.1
Hero: folds
56b4270e: folds
bff1b268: folds
a6ea8329: raises $0.3 to $0.4
43d90e7: folds
4110f2b8: calls $0.3
*** FLOP *** [2s 5c 9h]
a6ea8329: bets $0.48
4110f2b8: folds
Uncalled bet ($0.48) returned to a6ea8329
*** SHOWDOWN ***
a6ea8329 collected $0.86 from pot
*** SUMMARY ***
Total pot $0.9 | Rake $0.04 | Jackpot $0 | Bingo $0 | Fortune $0 | Tax $0
Board [2s 5c 9h]
Seat 1: a6ea8329 (small blind) won ($0.86)
Seat 2: 43d90e7 (big blind) folded before Flop
Seat 3: 4110f2b8 folded on the Flop
Seat 4: Hero folded before Flop (didn't bet)
Seat 5: 56b4270e folded before Flop (didn't bet)
Seat 6: bff1b268 (button) folded before Flop (didn't bet)


Poker Hand #HD1757022159: Hold'em No Limit ($0.05/$0.1) - 2024/05/03 16:47:23
Table 'NLHRed67' 6-max Seat #5 is the button
Seat 1: a6ea8329 ($19 in chips)
Seat 2: 43d90e7 ($8.24 in chips)
Seat 3: 4110f2b8 ($8.69 in chips)
Seat 4: Hero ($10 in chips)
Seat 5: 56b4270e ($6.19 in chips)
Seat 6: bff1b268 ($17.44 in chips)
bff1b268: posts small blind $0.05
a6ea8329: posts big blind $0.1
*** HOLE CARDS ***
Dealt to a6ea8329 
Dealt to 43d90e7 
Dealt to 4110f2b8 
Dealt to Hero [7s 7d]
Dealt to 56b4270e 
Dealt to bff1b268 
43d90e7: folds
4110f2b8: calls $0.1
Hero: raises $0.24 to $0.34
56b4270e: calls $0.34
bff1b268: folds
a6ea8329: folds
4110f2b8: calls $0.24
*** FLOP *** [2h Kd 6s]
4110f2b8: bets $0.1
Hero: folds
56b4270e: calls $0.1
*** TURN *** [2h Kd 6s] [Qh]
4110f2b8: checks
56b4270e: checks
*** RIVER *** [2h Kd 6s Qh] [Qs]
4110f2b8: bets $0.3
56b4270e: calls $0.3
4110f2b8: shows [6d 4d] (Pair of Queens and Pair of Sixes)
56b4270e: shows [Tc Ts] (Pair of Queens and Pair of Tens)
*** SHOWDOWN ***
56b4270e collected $1.88 from pot
*** SUMMARY ***
Total pot $1.97 | Rake $0.09 | Jackpot $0 | Bingo $0 | Fortune $0 | Tax $0
Board [2h Kd 6s Qh Qs]
Seat 1: a6ea8329 (big blind) folded before Flop
Seat 2: 43d90e7 folded before Flop (didn't bet)
Seat 3: 4110f2b8 showed [6d 4d] and lost with Pair of Queens and Pair of Sixes
Seat 4: Hero folded on the Flop
Seat 5: 56b4270e (button) showed [Tc Ts] and won ($1.88) with Pair of Queens and Pair of Tens
Seat 6: bff1b268 (small blind) folded before Flop


Poker Hand #HD1757021980: Hold'em No Limit ($0.05/$0.1) - 2024/05/03 16:46:07
Table 'NLHRed67' 6-max Seat #4 is the button
Seat 1: a6ea8329 ($19 in chips)
Seat 2: 43d90e7 ($8.24 in chips)
Seat 3: 4110f2b8 ($8.32 in chips)
Seat 4: Hero ($10 in chips)
Seat 5: 56b4270e ($6.49 in chips)
Seat 6: bff1b268 ($17.54 in chips)
56b4270e: posts small blind $0.05
bff1b268: posts big blind $0.1
*** HOLE CARDS ***
Dealt to a6ea8329 
Dealt to 43d90e7 
Dealt to 4110f2b8 
Dealt to Hero [Jc 8c]
Dealt to 56b4270e 
Dealt to bff1b268 
a6ea8329: folds
43d90e7: folds
4110f2b8: calls $0.1
Hero: folds
56b4270e: calls $0.05
bff1b268: checks
*** FLOP *** [Ah 9d 6h]
56b4270e: checks
bff1b268: checks
4110f2b8: checks
*** TURN *** [Ah 9d 6h] [3d]
56b4270e: bets $0.2
bff1b268: folds
4110f2b8: calls $0.2
*** RIVER *** [Ah 9d 6h 3d] [Qs]
56b4270e: checks
4110f2b8: checks
56b4270e: shows [2h 8h] (Ace-High)
4110f2b8: shows [6d 7s] (Pair of Sixes)
*** SHOWDOWN ***
4110f2b8 collected $0.67 from pot
*** SUMMARY ***
Total pot $0.7 | Rake $0.03 | Jackpot $0 | Bingo $0 | Fortune $0 | Tax $0
Board [Ah 9d 6h 3d Qs]
Seat 1: a6ea8329 folded before Flop (didn't bet)
Seat 2: 43d90e7 folded before Flop (didn't bet)
Seat 3: 4110f2b8 showed [6d 7s] and won ($0.67) with Pair of Sixes
Seat 4: Hero (button) folded before Flop (didn't bet)
Seat 5: 56b4270e (small blind) showed [2h 8h] and lost with Ace-High
Seat 6: bff1b268 (big blind) folded on the Turn


Poker Hand #HD1757021852: Hold'em No Limit ($0.05/$0.1) - 2024/05/03 16:45:19
Table 'NLHRed67' 6-max Seat #3 is the button
Seat 1: a6ea8329 ($19 in chips)
Seat 2: 43d90e7 ($8.24 in chips)
Seat 3: 4110f2b8 ($7.87 in chips)
Seat 4: Hero ($10 in chips)
Seat 5: 56b4270e ($6.93 in chips)
Seat 6: bff1b268 ($17.54 in chips)
Hero: posts small blind $0.05
56b4270e: posts big blind $0.1
*** HOLE CARDS ***
Dealt to a6ea8329 
Dealt to 43d90e7 
Dealt to 4110f2b8 
Dealt to Hero [4h 5d]
Dealt to 56b4270e 
Dealt to bff1b268 
bff1b268: folds
a6ea8329: folds
43d90e7: folds
4110f2b8: calls $0.1
Hero: folds
56b4270e: checks
*** FLOP *** [Jh Qd Kh]
56b4270e: checks
4110f2b8: checks
*** TURN *** [Jh Qd Kh] [7s]
56b4270e: bets $0.17
4110f2b8: raises $0.17 to $0.34
56b4270e: calls $0.17
*** RIVER *** [Jh Qd Kh 7s] [9d]
56b4270e: checks
4110f2b8: checks
56b4270e: shows [4s Kd] (Pair of Kings)
4110f2b8: shows [Qc Ks] (Pair of Kings and Pair of Queens)
*** SHOWDOWN ***
4110f2b8 collected $0.89 from pot
*** SUMMARY ***
Total pot $0.93 | Rake $0.04 | Jackpot $0 | Bingo $0 | Fortune $0 | Tax $0
Board [Jh Qd Kh 7s 9d]
Seat 1: a6ea8329 folded before Flop (didn't bet)
Seat 2: 43d90e7 folded before Flop (didn't bet)
Seat 3: 4110f2b8 (button) showed [Qc Ks] and won ($0.89) with Pair of Kings and Pair of Queens
Seat 4: Hero (small blind) folded before Flop
Seat 5: 56b4270e (big blind) showed [4s Kd] and lost with Pair of Kings
Seat 6: bff1b268 folded before Flop (didn't bet)


Poker Hand #HD1757021753: Hold'em No Limit ($0.05/$0.1) - 2024/05/03 16:44:41
Table 'NLHRed67' 6-max Seat #2 is the button
Seat 1: a6ea8329 ($19 in chips)
Seat 2: 43d90e7 ($8.24 in chips)
Seat 3: 4110f2b8 ($7.78 in chips)
Seat 4: Hero ($10 in chips)
Seat 5: 56b4270e ($6.93 in chips)
Seat 6: bff1b268 ($17.54 in chips)
4110f2b8: posts small blind $0.05
Hero: posts big blind $0.1
*** HOLE CARDS ***
Dealt to a6ea8329 
Dealt to 43d90e7 
Dealt to 4110f2b8 
Dealt to Hero [Kh 7c]
Dealt to 56b4270e 
Dealt to bff1b268 
56b4270e: folds
bff1b268: folds
a6ea8329: folds
43d90e7: folds
4110f2b8: calls $0.05
Hero: checks
*** FLOP *** [Ac 4c 9s]
4110f2b8: checks
Hero: checks
*** TURN *** [Ac 4c 9s] [3s]
4110f2b8: bets $0.1
Hero: folds
Uncalled bet ($0.1) returned to 4110f2b8
*** SHOWDOWN ***
4110f2b8 collected $0.19 from pot
*** SUMMARY ***
Total pot $0.2 | Rake $0.01 | Jackpot $0 | Bingo $0 | Fortune $0 | Tax $0
Board [Ac 4c 9s 3s]
Seat 1: a6ea8329 folded before Flop (didn't bet)
Seat 2: 43d90e7 (button) folded before Flop (didn't bet)
Seat 3: 4110f2b8 (small blind) won ($0.19)
Seat 4: Hero (big blind) folded on the Turn
Seat 5: 56b4270e folded before Flop (didn't bet)
Seat 6: bff1b268 folded before Flop (didn't bet)


Poker Hand #HD1757021686: Hold'em No Limit ($0.05/$0.1) - 2024/05/03 16:44:13
Table 'NLHRed67' 6-max Seat #1 is the button
Seat 1: a6ea8329 ($19 in chips)
Seat 2: 43d90e7 ($8.14 in chips)
Seat 3: 4110f2b8 ($7.88 in chips)
Seat 4: Hero ($10 in chips)
Seat 5: 56b4270e ($6.93 in chips)
Seat 6: bff1b268 ($17.54 in chips)
43d90e7: posts small blind $0.05
4110f2b8: posts big blind $0.1
*** HOLE CARDS ***
Dealt to a6ea8329 
Dealt to 43d90e7 
Dealt to 4110f2b8 
Dealt to Hero [Qd 6c]
Dealt to 56b4270e 
Dealt to bff1b268 
Hero: folds
56b4270e: folds
bff1b268: folds
a6ea8329: folds
43d90e7: raises $0.1 to $0.2
4110f2b8: folds
Uncalled bet ($0.1) returned to 43d90e7
*** SHOWDOWN ***
43d90e7 collected $0.2 from pot
*** SUMMARY ***
Total pot $0.2 | Rake $0 | Jackpot $0 | Bingo $0 | Fortune $0 | Tax $0
Seat 1: a6ea8329 (button) folded before Flop (didn't bet)
Seat 2: 43d90e7 (small blind) collected ($0.2)
Seat 3: 4110f2b8 (big blind) folded before Flop
Seat 4: Hero folded before Flop (didn't bet)
Seat 5: 56b4270e folded before Flop (didn't bet)
Seat 6: bff1b268 folded before Flop (didn't bet)


Poker Hand #HD1757021259: Hold'em No Limit ($0.05/$0.1) - 2024/05/03 16:41:25
Table 'NLHRed67' 6-max Seat #6 is the button
Seat 1: a6ea8329 ($10 in chips)
Seat 2: 43d90e7 ($8.24 in chips)
Seat 3: 4110f2b8 ($7.88 in chips)
Seat 4: Hero ($10.13 in chips)
Seat 5: 56b4270e ($6.93 in chips)
Seat 6: bff1b268 ($17.54 in chips)
a6ea8329: posts small blind $0.05
43d90e7: posts big blind $0.1
*** HOLE CARDS ***
Dealt to a6ea8329 
Dealt to 43d90e7 
Dealt to 4110f2b8 
Dealt to Hero [7s 7d]
Dealt to 56b4270e 
Dealt to bff1b268 
4110f2b8: folds
Hero: raises $0.1 to $0.2
56b4270e: folds
bff1b268: folds
a6ea8329: raises $0.5 to $0.7
43d90e7: folds
Hero: calls $0.5
*** FLOP *** [3c Jh 8c]
a6ea8329: bets $0.5
Hero: raises $1.13 to $1.63
a6ea8329: calls $1.13
*** TURN *** [3c Jh 8c] [Qh]
a6ea8329: checks
Hero: bets $1.98
a6ea8329: calls $1.98
*** RIVER *** [3c Jh 8c Qh] [Ts]
a6ea8329: checks
Hero: bets $5.82 and is all-in
a6ea8329: calls $5.69 and is all-in
Uncalled bet ($0.13) returned to Hero
Hero: shows [7s 7d] (Pair of Sevens)
a6ea8329: shows [Kd Kc] (Pair of Kings)
*** SHOWDOWN ***
a6ea8329 collected $19 from pot
*** SUMMARY ***
Total pot $20.1 | Rake $1 | Jackpot $0.1 | Bingo $0 | Fortune $0 | Tax $0
Board [3c Jh 8c Qh Ts]
Seat 1: a6ea8329 (small blind) showed [Kd Kc] and won ($19) with Pair of Kings
Seat 2: 43d90e7 (big blind) folded before Flop
Seat 3: 4110f2b8 folded before Flop (didn't bet)
Seat 4: Hero showed [7s 7d] and lost with Pair of Sevens
Seat 5: 56b4270e folded before Flop (didn't bet)
Seat 6: bff1b268 (button) folded before Flop (didn't bet)


Poker Hand #HD1757021086: Hold'em No Limit ($0.05/$0.1) - 2024/05/03 16:40:15
Table 'NLHRed67' 6-max Seat #5 is the button
Seat 1: a6ea8329 ($10 in chips)
Seat 2: 43d90e7 ($8.24 in chips)
Seat 3: 4110f2b8 ($7.16 in chips)
Seat 4: Hero ($10.77 in chips)
Seat 5: 56b4270e ($6.93 in chips)
Seat 6: bff1b268 ($17.59 in chips)
bff1b268: posts small blind $0.05
a6ea8329: posts big blind $0.1
*** HOLE CARDS ***
Dealt to a6ea8329 
Dealt to 43d90e7 
Dealt to 4110f2b8 
Dealt to Hero [Qd As]
Dealt to 56b4270e 
Dealt to bff1b268 
43d90e7: folds
4110f2b8: calls $0.1
Hero: raises $0.24 to $0.34
56b4270e: folds
bff1b268: folds
a6ea8329: folds
4110f2b8: calls $0.24
*** FLOP *** [8s 2s Jd]
4110f2b8: checks
Hero: checks
*** TURN *** [8s 2s Jd] [2d]
4110f2b8: bets $0.3
Hero: calls $0.3
*** RIVER *** [8s 2s Jd 2d] [7s]
4110f2b8: bets $1
Hero: folds
Uncalled bet ($1) returned to 4110f2b8
*** SHOWDOWN ***
4110f2b8 collected $1.36 from pot
*** SUMMARY ***
Total pot $1.43 | Rake $0.07 | Jackpot $0 | Bingo $0 | Fortune $0 | Tax $0
Board [8s 2s Jd 2d 7s]
Seat 1: a6ea8329 (big blind) folded before Flop
Seat 2: 43d90e7 folded before Flop (didn't bet)
Seat 3: 4110f2b8 won ($1.36)
Seat 4: Hero folded on the River
Seat 5: 56b4270e (button) folded before Flop (didn't bet)
Seat 6: bff1b268 (small blind) folded before Flop


Poker Hand #HD1757020836: Hold'em No Limit ($0.05/$0.1) - 2024/05/03 16:38:29
Table 'NLHRed67' 6-max Seat #4 is the button
Seat 1: a6ea8329 ($10 in chips)
Seat 2: 43d90e7 ($8.24 in chips)
Seat 4: Hero ($10.77 in chips)
Seat 5: 56b4270e ($6.98 in chips)
Seat 6: bff1b268 ($15.75 in chips)
56b4270e: posts small blind $0.05
bff1b268: posts big blind $0.1
*** HOLE CARDS ***
Dealt to a6ea8329 
Dealt to 43d90e7 
Dealt to Hero [Qh 7s]
Dealt to 56b4270e 
Dealt to bff1b268 
a6ea8329: raises $0.2 to $0.3
43d90e7: folds
Hero: folds
56b4270e: folds
bff1b268: raises $0.7 to $1
a6ea8329: calls $0.7
*** FLOP *** [8h 9h Jd]
bff1b268: checks
a6ea8329: bets $1.09
bff1b268: calls $1.09
*** TURN *** [8h 9h Jd] [Td]
bff1b268: checks
a6ea8329: checks
*** RIVER *** [8h 9h Jd Td] [Qs]
bff1b268: bets $2.6
a6ea8329: folds
Uncalled bet ($2.6) returned to bff1b268
*** SHOWDOWN ***
bff1b268 collected $3.93 from pot
*** SUMMARY ***
Total pot $4.23 | Rake $0.2 | Jackpot $0.1 | Bingo $0 | Fortune $0 | Tax $0
Board [8h 9h Jd Td Qs]
Seat 1: a6ea8329 folded on the River
Seat 2: 43d90e7 folded before Flop (didn't bet)
Seat 4: Hero (button) folded before Flop (didn't bet)
Seat 5: 56b4270e (small blind) folded before Flop
Seat 6: bff1b268 (big blind) won ($3.93)


Poker Hand #HD1757020785: Hold'em No Limit ($0.05/$0.1) - 2024/05/03 16:38:07
Table 'NLHRed67' 6-max Seat #2 is the button
Seat 1: a6ea8329 ($10 in chips)
Seat 2: 43d90e7 ($8.24 in chips)
Seat 3: 4110f2b8 ($7.21 in chips)
Seat 4: Hero ($10.72 in chips)
Seat 5: 56b4270e ($6.98 in chips)
4110f2b8: posts small blind $0.05
Hero: posts big blind $0.1
*** HOLE CARDS ***
Dealt to a6ea8329 
Dealt to 43d90e7 
Dealt to 4110f2b8 
Dealt to Hero [Ts 6d]
Dealt to 56b4270e 
56b4270e: folds
a6ea8329: folds
43d90e7: folds
4110f2b8: folds
Uncalled bet ($0.05) returned to Hero
*** SHOWDOWN ***
Hero collected $0.1 from pot
*** SUMMARY ***
Total pot $0.1 | Rake $0 | Jackpot $0 | Bingo $0 | Fortune $0 | Tax $0
Seat 1: a6ea8329 folded before Flop (didn't bet)
Seat 2: 43d90e7 (button) folded before Flop (didn't bet)
Seat 3: 4110f2b8 (small blind) folded before Flop
Seat 4: Hero (big blind) collected ($0.1)
Seat 5: 56b4270e folded before Flop (didn't bet)


Poker Hand #HD1757020748: Hold'em No Limit ($0.05/$0.1) - 2024/05/03 16:37:50
Table 'NLHRed67' 6-max Seat #1 is the button
Seat 1: a6ea8329 ($10 in chips)
Seat 2: 43d90e7 ($8.29 in chips)
Seat 3: 4110f2b8 ($7.16 in chips)
Seat 4: Hero ($10.72 in chips)
Seat 5: 56b4270e ($6.98 in chips)
43d90e7: posts small blind $0.05
4110f2b8: posts big blind $0.1
*** HOLE CARDS ***
Dealt to a6ea8329 
Dealt to 43d90e7 
Dealt to 4110f2b8 
Dealt to Hero [Ks 3d]
Dealt to 56b4270e 
Hero: folds
56b4270e: folds
a6ea8329: folds
43d90e7: folds
Uncalled bet ($0.05) returned to 4110f2b8
*** SHOWDOWN ***
4110f2b8 collected $0.1 from pot
*** SUMMARY ***
Total pot $0.1 | Rake $0 | Jackpot $0 | Bingo $0 | Fortune $0 | Tax $0
Seat 1: a6ea8329 (button) folded before Flop (didn't bet)
Seat 2: 43d90e7 (small blind) folded before Flop
Seat 3: 4110f2b8 (big blind) collected ($0.1)
Seat 4: Hero folded before Flop (didn't bet)
Seat 5: 56b4270e folded before Flop (didn't bet)


Poker Hand #HD1757020653: Hold'em No Limit ($0.05/$0.1) - 2024/05/03 16:37:10
Table 'NLHRed67' 6-max Seat #5 is the button
Seat 1: a6ea8329 ($10 in chips)
Seat 2: 43d90e7 ($8.39 in chips)
Seat 3: 4110f2b8 ($6.79 in chips)
Seat 4: Hero ($10.72 in chips)
Seat 5: 56b4270e ($6.98 in chips)
a6ea8329: posts small blind $0.05
43d90e7: posts big blind $0.1
*** HOLE CARDS ***
Dealt to a6ea8329 
Dealt to 43d90e7 
Dealt to 4110f2b8 
Dealt to Hero [5s 2h]
Dealt to 56b4270e 
4110f2b8: calls $0.1
Hero: folds
56b4270e: folds
a6ea8329: calls $0.05
43d90e7: checks
*** FLOP *** [Qd 3d 2c]
a6ea8329: checks
43d90e7: checks
4110f2b8: bets $0.1
a6ea8329: calls $0.1
43d90e7: folds
*** TURN *** [Qd 3d 2c] [3s]
a6ea8329: checks
4110f2b8: bets $0.1
a6ea8329: calls $0.1
*** RIVER *** [Qd 3d 2c 3s] [Ah]
a6ea8329: checks
4110f2b8: checks
a6ea8329: shows [Jd 4d] (Pair of Treys)
4110f2b8: shows [Kd Ks] (Pair of Kings and Pair of Treys)
*** SHOWDOWN ***
4110f2b8 collected $0.67 from pot
*** SUMMARY ***
Total pot $0.7 | Rake $0.03 | Jackpot $0 | Bingo $0 | Fortune $0 | Tax $0
Board [Qd 3d 2c 3s Ah]
Seat 1: a6ea8329 (small blind) showed [Jd 4d] and lost with Pair of Treys
Seat 2: 43d90e7 (big blind) folded on the Flop
Seat 3: 4110f2b8 showed [Kd Ks] and won ($0.67) with Pair of Kings and Pair of Treys
Seat 4: Hero folded before Flop (didn't bet)
Seat 5: 56b4270e (button) folded before Flop (didn't bet)


Poker Hand #HD1757020449: Hold'em No Limit ($0.05/$0.1) - 2024/05/03 16:35:35
Table 'NLHRed67' 6-max Seat #4 is the button
Seat 1: a6ea8329 ($10 in chips)
Seat 2: 43d90e7 ($8.39 in chips)
Seat 3: 4110f2b8 ($6.42 in chips)
Seat 4: Hero ($10.72 in chips)
Seat 5: 56b4270e ($7.08 in chips)
56b4270e: posts small blind $0.05
a6ea8329: posts big blind $0.1
*** HOLE CARDS ***
Dealt to a6ea8329 
Dealt to 43d90e7 
Dealt to 4110f2b8 
Dealt to Hero [5s 7c]
Dealt to 56b4270e 
43d90e7: folds
4110f2b8: calls $0.1
Hero: folds
56b4270e: calls $0.05
a6ea8329: checks
*** FLOP *** [Ad Ac Kh]
56b4270e: checks
a6ea8329: checks
4110f2b8: checks
*** TURN *** [Ad Ac Kh] [Qh]
56b4270e: checks
a6ea8329: checks
4110f2b8: checks
*** RIVER *** [Ad Ac Kh Qh] [Tc]
56b4270e: checks
a6ea8329: checks
4110f2b8: bets $0.2
56b4270e: folds
a6ea8329: calls $0.2
4110f2b8: shows [Qs Jd] (Aces-High Straight)
a6ea8329: shows [Kc 7s] (Pair of Aces and Pair of Kings)
*** SHOWDOWN ***
4110f2b8 collected $0.67 from pot
*** SUMMARY ***
Total pot $0.7 | Rake $0.03 | Jackpot $0 | Bingo $0 | Fortune $0 | Tax $0
Board [Ad Ac Kh Qh Tc]
Seat 1: a6ea8329 (big blind) showed [Kc 7s] and lost with Pair of Aces and Pair of Kings
Seat 2: 43d90e7 folded before Flop (didn't bet)
Seat 3: 4110f2b8 showed [Qs Jd] and won ($0.67) with Aces-High Straight
Seat 4: Hero (button) folded before Flop (didn't bet)
Seat 5: 56b4270e (small blind) folded on the River


Poker Hand #HD1757020266: Hold'em No Limit ($0.05/$0.1) - 2024/05/03 16:34:16
Table 'NLHRed67' 6-max Seat #3 is the button
Seat 1: e586a681 ($7.18 in chips)
Seat 2: 43d90e7 ($8.39 in chips)
Seat 3: 4110f2b8 ($6.74 in chips)
Seat 4: Hero ($10.77 in chips)
Seat 5: 56b4270e ($6.16 in chips)
Seat 6: 1af0d1c1 ($16.38 in chips)
Hero: posts small blind $0.05
56b4270e: posts big blind $0.1
*** HOLE CARDS ***
Dealt to e586a681 
Dealt to 43d90e7 
Dealt to 4110f2b8 
Dealt to Hero [6d Jd]
Dealt to 56b4270e 
Dealt to 1af0d1c1 
1af0d1c1: raises $0.12 to $0.22
e586a681: folds
43d90e7: folds
4110f2b8: calls $0.22
Hero: folds
56b4270e: calls $0.12
*** FLOP *** [9s Ts 3s]
56b4270e: checks
1af0d1c1: checks
4110f2b8: checks
*** TURN *** [9s Ts 3s] [Ks]
56b4270e: checks
1af0d1c1: checks
4110f2b8: bets $0.1
56b4270e: raises $0.31 to $0.41
1af0d1c1: calls $0.41
4110f2b8: folds
*** RIVER *** [9s Ts 3s Ks] [6s]
56b4270e: bets $1.08
1af0d1c1: folds
Uncalled bet ($1.08) returned to 56b4270e
4110f2b8: shows [7s] (King High Flush)
*** SHOWDOWN ***
56b4270e collected $1.55 from pot
*** SUMMARY ***
Total pot $1.63 | Rake $0.08 | Jackpot $0 | Bingo $0 | Fortune $0 | Tax $0
Board [9s Ts 3s Ks 6s]
Seat 1: e586a681 folded before Flop (didn't bet)
Seat 2: 43d90e7 folded before Flop (didn't bet)
Seat 3: 4110f2b8 (button) folded on the Turn
Seat 4: Hero (small blind) folded before Flop
Seat 5: 56b4270e (big blind) won ($1.55)
Seat 6: 1af0d1c1 folded on the River


Poker Hand #HD1757020206: Hold'em No Limit ($0.05/$0.1) - 2024/05/03 16:33:47
Table 'NLHRed67' 6-max Seat #2 is the button
Seat 1: e586a681 ($7.18 in chips)
Seat 2: 43d90e7 ($8.39 in chips)
Seat 3: 4110f2b8 ($6.65 in chips)
Seat 4: Hero ($10.87 in chips)
Seat 5: 56b4270e ($6.16 in chips)
Seat 6: 1af0d1c1 ($16.38 in chips)
4110f2b8: posts small blind $0.05
Hero: posts big blind $0.1
*** HOLE CARDS ***
Dealt to e586a681 
Dealt to 43d90e7 
Dealt to 4110f2b8 
Dealt to Hero [Ad 5c]
Dealt to 56b4270e 
Dealt to 1af0d1c1 
56b4270e: folds
1af0d1c1: folds
e586a681: folds
43d90e7: folds
4110f2b8: calls $0.05
Hero: checks
*** FLOP *** [2s Ts 8s]
4110f2b8: checks
Hero: checks
*** TURN *** [2s Ts 8s] [6c]
4110f2b8: bets $0.2
Hero: folds
Uncalled bet ($0.2) returned to 4110f2b8
*** SHOWDOWN ***
4110f2b8 collected $0.19 from pot
*** SUMMARY ***
Total pot $0.2 | Rake $0.01 | Jackpot $0 | Bingo $0 | Fortune $0 | Tax $0
Board [2s Ts 8s 6c]
Seat 1: e586a681 folded before Flop (didn't bet)
Seat 2: 43d90e7 (button) folded before Flop (didn't bet)
Seat 3: 4110f2b8 (small blind) won ($0.19)
Seat 4: Hero (big blind) folded on the Turn
Seat 5: 56b4270e folded before Flop (didn't bet)
Seat 6: 1af0d1c1 folded before Flop (didn't bet)


Poker Hand #HD1757020118: Hold'em No Limit ($0.05/$0.1) - 2024/05/03 16:33:05
Table 'NLHRed67' 6-max Seat #1 is the button
Seat 1: e586a681 ($7.18 in chips)
Seat 2: 43d90e7 ($8.79 in chips)
Seat 3: 4110f2b8 ($6.29 in chips)
Seat 4: Hero ($10.87 in chips)
Seat 5: 56b4270e ($6.16 in chips)
Seat 6: 1af0d1c1 ($16.38 in chips)
43d90e7: posts small blind $0.05
4110f2b8: posts big blind $0.1
*** HOLE CARDS ***
Dealt to e586a681 
Dealt to 43d90e7 
Dealt to 4110f2b8 
Dealt to Hero [4s Tc]
Dealt to 56b4270e 
Dealt to 1af0d1c1 
Hero: folds
56b4270e: folds
1af0d1c1: folds
e586a681: folds
43d90e7: calls $0.05
4110f2b8: checks
*** FLOP *** [9s Ac Th]
43d90e7: bets $0.1
4110f2b8: calls $0.1
*** TURN *** [9s Ac Th] [6d]
43d90e7: bets $0.1
4110f2b8: calls $0.1
*** RIVER *** [9s Ac Th 6d] [3s]
43d90e7: bets $0.1
4110f2b8: calls $0.1
43d90e7: shows [8s Js] (Ace-High)
4110f2b8: shows [Ts 7c] (Pair of Tens)
*** SHOWDOWN ***
4110f2b8 collected $0.76 from pot
*** SUMMARY ***
Total pot $0.8 | Rake $0.04 | Jackpot $0 | Bingo $0 | Fortune $0 | Tax $0
Board [9s Ac Th 6d 3s]
Seat 1: e586a681 (button) folded before Flop (didn't bet)
Seat 2: 43d90e7 (small blind) showed [8s Js] and lost with Ace-High
Seat 3: 4110f2b8 (big blind) showed [Ts 7c] and won ($0.76) with Pair of Tens
Seat 4: Hero folded before Flop (didn't bet)
Seat 5: 56b4270e folded before Flop (didn't bet)
Seat 6: 1af0d1c1 folded before Flop (didn't bet)


Poker Hand #HD1757020008: Hold'em No Limit ($0.05/$0.1) - 2024/05/03 16:32:17
Table 'NLHRed67' 6-max Seat #6 is the button
Seat 1: e586a681 ($7.23 in chips)
Seat 2: 43d90e7 ($8.02 in chips)
Seat 3: 4110f2b8 ($7.09 in chips)
Seat 4: Hero ($10.87 in chips)
Seat 5: 56b4270e ($6.16 in chips)
Seat 6: 1af0d1c1 ($16.38 in chips)
e586a681: posts small blind $0.05
43d90e7: posts big blind $0.1
*** HOLE CARDS ***
Dealt to e586a681 
Dealt to 43d90e7 
Dealt to 4110f2b8 
Dealt to Hero [5s 5d]
Dealt to 56b4270e 
Dealt to 1af0d1c1 
4110f2b8: calls $0.1
Hero: folds
56b4270e: folds
1af0d1c1: folds
e586a681: folds
43d90e7: checks
*** FLOP *** [2d 6c 8d]
43d90e7: checks
4110f2b8: bets $0.1
43d90e7: calls $0.1
*** TURN *** [2d 6c 8d] [8s]
43d90e7: checks
4110f2b8: bets $0.6
43d90e7: calls $0.6
*** RIVER *** [2d 6c 8d 8s] [3s]
43d90e7: checks
4110f2b8: checks
43d90e7: shows [6d 2h] (Pair of Eights and Pair of Sixes)
4110f2b8: shows [Jd Ac] (Pair of Eights)
*** SHOWDOWN ***
43d90e7 collected $1.57 from pot
*** SUMMARY ***
Total pot $1.65 | Rake $0.08 | Jackpot $0 | Bingo $0 | Fortune $0 | Tax $0
Board [2d 6c 8d 8s 3s]
Seat 1: e586a681 (small blind) folded before Flop
Seat 2: 43d90e7 (big blind) showed [6d 2h] and won ($1.57) with Pair of Eights and Pair of Sixes
Seat 3: 4110f2b8 showed [Jd Ac] and lost with Pair of Eights
Seat 4: Hero folded before Flop (didn't bet)
Seat 5: 56b4270e folded before Flop (didn't bet)
Seat 6: 1af0d1c1 (button) folded before Flop (didn't bet)


Poker Hand #HD1757019953: Hold'em No Limit ($0.05/$0.1) - 2024/05/03 16:31:56
Table 'NLHRed67' 6-max Seat #5 is the button
Seat 1: e586a681 ($7.18 in chips)
Seat 2: 43d90e7 ($8.02 in chips)
Seat 3: 4110f2b8 ($7.09 in chips)
Seat 4: Hero ($10.87 in chips)
Seat 5: 56b4270e ($6.16 in chips)
Seat 6: 1af0d1c1 ($16.43 in chips)
1af0d1c1: posts small blind $0.05
e586a681: posts big blind $0.1
*** HOLE CARDS ***
Dealt to e586a681 
Dealt to 43d90e7 
Dealt to 4110f2b8 
Dealt to Hero [2h 5d]
Dealt to 56b4270e 
Dealt to 1af0d1c1 
43d90e7: folds
4110f2b8: folds
Hero: folds
56b4270e: folds
1af0d1c1: folds
Uncalled bet ($0.05) returned to e586a681
*** SHOWDOWN ***
e586a681 collected $0.1 from pot
*** SUMMARY ***
Total pot $0.1 | Rake $0 | Jackpot $0 | Bingo $0 | Fortune $0 | Tax $0
Seat 1: e586a681 (big blind) collected ($0.1)
Seat 2: 43d90e7 folded before Flop (didn't bet)
Seat 3: 4110f2b8 folded before Flop (didn't bet)
Seat 4: Hero folded before Flop (didn't bet)
Seat 5: 56b4270e (button) folded before Flop (didn't bet)
Seat 6: 1af0d1c1 (small blind) folded before Flop


Poker Hand #HD1757019817: Hold'em No Limit ($0.05/$0.1) - 2024/05/03 16:30:56
Table 'NLHRed67' 6-max Seat #4 is the button
Seat 1: e586a681 ($7.18 in chips)
Seat 2: 43d90e7 ($8.02 in chips)
Seat 3: 4110f2b8 ($6.95 in chips)
Seat 4: Hero ($10.87 in chips)
Seat 5: 56b4270e ($6.21 in chips)
Seat 6: 1af0d1c1 ($16.53 in chips)
56b4270e: posts small blind $0.05
1af0d1c1: posts big blind $0.1
4110f2b8: posts big blind $0.1
*** HOLE CARDS ***
Dealt to e586a681 
Dealt to 43d90e7 
Dealt to 4110f2b8 
Dealt to Hero [Ac 4s]
Dealt to 56b4270e 
Dealt to 1af0d1c1 
e586a681: folds
43d90e7: folds
4110f2b8: checks
Hero: folds
56b4270e: folds
1af0d1c1: checks
*** FLOP *** [Ts 5h 8d]
1af0d1c1: checks
4110f2b8: checks
*** TURN *** [Ts 5h 8d] [Ah]
1af0d1c1: checks
4110f2b8: bets $0.4
1af0d1c1: folds
Uncalled bet ($0.4) returned to 4110f2b8
*** SHOWDOWN ***
4110f2b8 collected $0.24 from pot
*** SUMMARY ***
Total pot $0.25 | Rake $0.01 | Jackpot $0 | Bingo $0 | Fortune $0 | Tax $0
Board [Ts 5h 8d Ah]
Seat 1: e586a681 folded before Flop (didn't bet)
Seat 2: 43d90e7 folded before Flop (didn't bet)
Seat 3: 4110f2b8 won ($0.24)
Seat 4: Hero (button) folded before Flop (didn't bet)
Seat 5: 56b4270e (small blind) folded before Flop
Seat 6: 1af0d1c1 (big blind) folded on the Turn


Poker Hand #HD1757019787: Hold'em No Limit ($0.05/$0.1) - 2024/05/03 16:30:45
Table 'NLHRed67' 6-max Seat #2 is the button
Seat 1: e586a681 ($7.18 in chips)
Seat 2: 43d90e7 ($8.02 in chips)
Seat 4: Hero ($10.92 in chips)
Seat 5: 56b4270e ($6.16 in chips)
Hero: posts small blind $0.05
56b4270e: posts big blind $0.1
*** HOLE CARDS ***
Dealt to e586a681 
Dealt to 43d90e7 
Dealt to Hero [9h 7c]
Dealt to 56b4270e 
e586a681: folds
43d90e7: folds
Hero: folds
Uncalled bet ($0.05) returned to 56b4270e
*** SHOWDOWN ***
56b4270e collected $0.1 from pot
*** SUMMARY ***
Total pot $0.1 | Rake $0 | Jackpot $0 | Bingo $0 | Fortune $0 | Tax $0
Seat 1: e586a681 folded before Flop (didn't bet)
Seat 2: 43d90e7 (button) folded before Flop (didn't bet)
Seat 4: Hero (small blind) folded before Flop
Seat 5: 56b4270e (big blind) collected ($0.1)


Poker Hand #HD1757019753: Hold'em No Limit ($0.05/$0.1) - 2024/05/03 16:30:31
Table 'NLHRed67' 6-max Seat #1 is the button
Seat 1: e586a681 ($7.18 in chips)
Seat 2: 43d90e7 ($8.07 in chips)
Seat 4: Hero ($10.87 in chips)
Seat 5: 56b4270e ($6.16 in chips)
43d90e7: posts small blind $0.05
Hero: posts big blind $0.1
*** HOLE CARDS ***
Dealt to e586a681 
Dealt to 43d90e7 
Dealt to Hero [5s 6h]
Dealt to 56b4270e 
56b4270e: folds
e586a681: folds
43d90e7: folds
Uncalled bet ($0.05) returned to Hero
*** SHOWDOWN ***
Hero collected $0.1 from pot
*** SUMMARY ***
Total pot $0.1 | Rake $0 | Jackpot $0 | Bingo $0 | Fortune $0 | Tax $0
Seat 1: e586a681 (button) folded before Flop (didn't bet)
Seat 2: 43d90e7 (small blind) folded before Flop
Seat 4: Hero (big blind) collected ($0.1)
Seat 5: 56b4270e folded before Flop (didn't bet)


Poker Hand #HD1757019583: Hold'em No Limit ($0.05/$0.1) - 2024/05/03 16:29:07
Table 'NLHRed67' 6-max Seat #5 is the button
Seat 1: e586a681 ($7.23 in chips)
Seat 2: 43d90e7 ($8.92 in chips)
Seat 3: 35054fe ($11.3 in chips)
Seat 4: Hero ($10.87 in chips)
Seat 5: 56b4270e ($5.34 in chips)
e586a681: posts small blind $0.05
43d90e7: posts big blind $0.1
*** HOLE CARDS ***
Dealt to e586a681 
Dealt to 43d90e7 
Dealt to 35054fe 
Dealt to Hero [8h 3c]
Dealt to 56b4270e 
35054fe: folds
Hero: folds
56b4270e: raises $0.1 to $0.2
e586a681: folds
43d90e7: calls $0.1
*** FLOP *** [Kc 5d 2h]
43d90e7: checks
56b4270e: bets $0.21
43d90e7: calls $0.21
*** TURN *** [Kc 5d 2h] [6s]
43d90e7: checks
56b4270e: checks
*** RIVER *** [Kc 5d 2h 6s] [8c]
43d90e7: bets $0.44
56b4270e: raises $2.81 to $3.25
43d90e7: folds
Uncalled bet ($2.81) returned to 56b4270e
*** SHOWDOWN ***
56b4270e collected $1.67 from pot
*** SUMMARY ***
Total pot $1.75 | Rake $5.45 | Jackpot $0 | Bingo $0 | Fortune $0 | Tax $0
Board [Kc 5d 2h 6s 8c]
Seat 1: e586a681 (small blind) folded before Flop
Seat 2: 43d90e7 (big blind) folded on the River
Seat 3: 35054fe folded before Flop (didn't bet)
Seat 4: Hero folded before Flop (didn't bet)
Seat 5: 56b4270e (button) won ($1.67)


Poker Hand #HD1757019557: Hold'em No Limit ($0.05/$0.1) - 2024/05/03 16:28:56
Table 'NLHRed67' 6-max Seat #4 is the button
Seat 1: e586a681 ($7.33 in chips)
Seat 3: 35054fe ($11.3 in chips)
Seat 4: Hero ($10.87 in chips)
Seat 5: 56b4270e ($5.24 in chips)
56b4270e: posts small blind $0.05
e586a681: posts big blind $0.1
*** HOLE CARDS ***
Dealt to e586a681 
Dealt to 35054fe 
Dealt to Hero [Jd Th]
Dealt to 56b4270e 
35054fe: folds
Hero: folds
56b4270e: raises $0.22 to $0.32
e586a681: folds
Uncalled bet ($0.22) returned to 56b4270e
*** SHOWDOWN ***
56b4270e collected $0.2 from pot
*** SUMMARY ***
Total pot $0.2 | Rake $0 | Jackpot $0 | Bingo $0 | Fortune $0 | Tax $0
Seat 1: e586a681 (big blind) folded before Flop
Seat 3: 35054fe folded before Flop (didn't bet)
Seat 4: Hero (button) folded before Flop (didn't bet)
Seat 5: 56b4270e (small blind) collected ($0.2)


Poker Hand #HD1757019525: Hold'em No Limit ($0.05/$0.1) - 2024/05/03 16:28:43
Table 'NLHRed67' 6-max Seat #3 is the button
Seat 1: e586a681 ($7.33 in chips)
Seat 3: 35054fe ($11.3 in chips)
Seat 4: Hero ($10.92 in chips)
Seat 5: 56b4270e ($5.19 in chips)
Hero: posts small blind $0.05
56b4270e: posts big blind $0.1
*** HOLE CARDS ***
Dealt to e586a681 
Dealt to 35054fe 
Dealt to Hero [6d 2s]
Dealt to 56b4270e 
e586a681: folds
35054fe: folds
Hero: folds
Uncalled bet ($0.05) returned to 56b4270e
*** SHOWDOWN ***
56b4270e collected $0.1 from pot
*** SUMMARY ***
Total pot $0.1 | Rake $0 | Jackpot $0 | Bingo $0 | Fortune $0 | Tax $0
Seat 1: e586a681 folded before Flop (didn't bet)
Seat 3: 35054fe (button) folded before Flop (didn't bet)
Seat 4: Hero (small blind) folded before Flop
Seat 5: 56b4270e (big blind) collected ($0.1)


Poker Hand #HD1757019500: Hold'em No Limit ($0.05/$0.1) - 2024/05/03 16:28:31
Table 'NLHRed67' 6-max Seat #1 is the button
Seat 1: e586a681 ($7.33 in chips)
Seat 3: 35054fe ($11.35 in chips)
Seat 4: Hero ($10.87 in chips)
Seat 5: 56b4270e ($5.19 in chips)
35054fe: posts small blind $0.05
Hero: posts big blind $0.1
*** HOLE CARDS ***
Dealt to e586a681 
Dealt to 35054fe 
Dealt to Hero [7h 9h]
Dealt to 56b4270e 
56b4270e: folds
e586a681: folds
35054fe: folds
Uncalled bet ($0.05) returned to Hero
*** SHOWDOWN ***
Hero collected $0.1 from pot
*** SUMMARY ***
Total pot $0.1 | Rake $0 | Jackpot $0 | Bingo $0 | Fortune $0 | Tax $0
Seat 1: e586a681 (button) folded before Flop (didn't bet)
Seat 3: 35054fe (small blind) folded before Flop
Seat 4: Hero (big blind) collected ($0.1)
Seat 5: 56b4270e folded before Flop (didn't bet)


Poker Hand #HD1757019477: Hold'em No Limit ($0.05/$0.1) - 2024/05/03 16:28:22
Table 'NLHRed67' 6-max Seat #5 is the button
Seat 1: e586a681 ($7.38 in chips)
Seat 3: 35054fe ($11.45 in chips)
Seat 4: Hero ($10.72 in chips)
Seat 5: 56b4270e ($5.19 in chips)
e586a681: posts small blind $0.05
35054fe: posts big blind $0.1
*** HOLE CARDS ***
Dealt to e586a681 
Dealt to 35054fe 
Dealt to Hero [Qd As]
Dealt to 56b4270e 
Hero: raises $0.14 to $0.24
56b4270e: folds
e586a681: folds
35054fe: folds
Uncalled bet ($0.14) returned to Hero
*** SHOWDOWN ***
Hero collected $0.25 from pot
*** SUMMARY ***
Total pot $0.25 | Rake $0 | Jackpot $0 | Bingo $0 | Fortune $0 | Tax $0
Seat 1: e586a681 (small blind) folded before Flop
Seat 3: 35054fe (big blind) folded before Flop
Seat 4: Hero collected ($0.25)
Seat 5: 56b4270e (button) folded before Flop (didn't bet)


Poker Hand #HD1757019342: Hold'em No Limit ($0.05/$0.1) - 2024/05/03 16:27:27
Table 'NLHRed67' 6-max Seat #4 is the button
Seat 1: e586a681 ($7.48 in chips)
Seat 3: 35054fe ($11.45 in chips)
Seat 4: Hero ($10.72 in chips)
Seat 5: 56b4270e ($5.1 in chips)
56b4270e: posts small blind $0.05
e586a681: posts big blind $0.1
*** HOLE CARDS ***
Dealt to e586a681 
Dealt to 35054fe 
Dealt to Hero [Qs 4d]
Dealt to 56b4270e 
35054fe: folds
Hero: folds
56b4270e: calls $0.05
e586a681: checks
*** FLOP *** [6c 3s 2h]
56b4270e: checks
e586a681: checks
*** TURN *** [6c 3s 2h] [4s]
56b4270e: checks
e586a681: checks
*** RIVER *** [6c 3s 2h 4s] [6d]
56b4270e: checks
e586a681: checks
56b4270e: shows [Tc Kd] (Pair of Sixes)
e586a681: shows [Qc 7s] (Pair of Sixes)
*** SHOWDOWN ***
56b4270e collected $0.19 from pot
*** SUMMARY ***
Total pot $0.2 | Rake $0.01 | Jackpot $0 | Bingo $0 | Fortune $0 | Tax $0
Board [6c 3s 2h 4s 6d]
Seat 1: e586a681 (big blind) showed [Qc 7s] and lost with Pair of Sixes
Seat 3: 35054fe folded before Flop (didn't bet)
Seat 4: Hero (button) folded before Flop (didn't bet)
Seat 5: 56b4270e (small blind) showed [Tc Kd] and won ($0.19) with Pair of Sixes


Poker Hand #HD1757019312: Hold'em No Limit ($0.05/$0.1) - 2024/05/03 16:27:16
Table 'NLHRed67' 6-max Seat #3 is the button
Seat 1: e586a681 ($7.48 in chips)
Seat 3: 35054fe ($11.45 in chips)
Seat 4: Hero ($10.77 in chips)
Seat 5: 56b4270e ($5.05 in chips)
Hero: posts small blind $0.05
56b4270e: posts big blind $0.1
*** HOLE CARDS ***
Dealt to e586a681 
Dealt to 35054fe 
Dealt to Hero [4c Th]
Dealt to 56b4270e 
e586a681: folds
35054fe: folds
Hero: folds
Uncalled bet ($0.05) returned to 56b4270e
*** SHOWDOWN ***
56b4270e collected $0.1 from pot
*** SUMMARY ***
Total pot $0.1 | Rake $0 | Jackpot $0 | Bingo $0 | Fortune $0 | Tax $0
Seat 1: e586a681 folded before Flop (didn't bet)
Seat 3: 35054fe (button) folded before Flop (didn't bet)
Seat 4: Hero (small blind) folded before Flop
Seat 5: 56b4270e (big blind) collected ($0.1)


Poker Hand #HD1757019299: Hold'em No Limit ($0.05/$0.1) - 2024/05/03 16:27:10
Table 'NLHRed67' 6-max Seat #1 is the button
Seat 1: e586a681 ($7.48 in chips)
Seat 3: 35054fe ($11.5 in chips)
Seat 4: Hero ($10.72 in chips)
Seat 5: 56b4270e ($5.05 in chips)
35054fe: posts small blind $0.05
Hero: posts big blind $0.1
*** HOLE CARDS ***
Dealt to e586a681 
Dealt to 35054fe 
Dealt to Hero [Kc Td]
Dealt to 56b4270e 
56b4270e: folds
e586a681: folds
35054fe: folds
Uncalled bet ($0.05) returned to Hero
*** SHOWDOWN ***
Hero collected $0.1 from pot
*** SUMMARY ***
Total pot $0.1 | Rake $0 | Jackpot $0 | Bingo $0 | Fortune $0 | Tax $0
Seat 1: e586a681 (button) folded before Flop (didn't bet)
Seat 3: 35054fe (small blind) folded before Flop
Seat 4: Hero (big blind) collected ($0.1)
Seat 5: 56b4270e folded before Flop (didn't bet)


Poker Hand #HD1757019182: Hold'em No Limit ($0.05/$0.1) - 2024/05/03 16:26:17
Table 'NLHRed67' 6-max Seat #5 is the button
Seat 1: e586a681 ($7.53 in chips)
Seat 3: 35054fe ($11.08 in chips)
Seat 4: Hero ($10.72 in chips)
Seat 5: 56b4270e ($5.46 in chips)
e586a681: posts small blind $0.05
35054fe: posts big blind $0.1
*** HOLE CARDS ***
Dealt to e586a681 
Dealt to 35054fe 
Dealt to Hero [2s Kh]
Dealt to 56b4270e 
Hero: folds
56b4270e: raises $0.1 to $0.2
e586a681: folds
35054fe: calls $0.1
*** FLOP *** [8h Tc As]
35054fe: checks
56b4270e: bets $0.21
35054fe: calls $0.21
*** TURN *** [8h Tc As] [8c]
35054fe: checks
56b4270e: checks
*** RIVER *** [8h Tc As 8c] [Js]
35054fe: checks
56b4270e: checks
35054fe: shows [Ah 5d] (Pair of Aces and Pair of Eights)
56b4270e: shows [9s Jc] (Pair of Jacks and Pair of Eights)
*** SHOWDOWN ***
35054fe collected $0.83 from pot
*** SUMMARY ***
Total pot $0.87 | Rake $0.04 | Jackpot $0 | Bingo $0 | Fortune $0 | Tax $0
Board [8h Tc As 8c Js]
Seat 1: e586a681 (small blind) folded before Flop
Seat 3: 35054fe (big blind) showed [Ah 5d] and won ($0.83) with Pair of Aces and Pair of Eights
Seat 4: Hero folded before Flop (didn't bet)
Seat 5: 56b4270e (button) showed [9s Jc] and lost with Pair of Jacks and Pair of Eights


Poker Hand #HD1757019134: Hold'em No Limit ($0.05/$0.1) - 2024/05/03 16:25:57
Table 'NLHRed67' 6-max Seat #4 is the button
Seat 1: e586a681 ($7.48 in chips)
Seat 3: 35054fe ($11.08 in chips)
Seat 4: Hero ($10.72 in chips)
Seat 5: 56b4270e ($5.51 in chips)
56b4270e: posts small blind $0.05
e586a681: posts big blind $0.1
*** HOLE CARDS ***
Dealt to e586a681 
Dealt to 35054fe 
Dealt to Hero [Th 8c]
Dealt to 56b4270e 
35054fe: folds
Hero: folds
56b4270e: folds
Uncalled bet ($0.05) returned to e586a681
*** SHOWDOWN ***
e586a681 collected $0.1 from pot
*** SUMMARY ***
Total pot $0.1 | Rake $0 | Jackpot $0 | Bingo $0 | Fortune $0 | Tax $0
Seat 1: e586a681 (big blind) collected ($0.1)
Seat 3: 35054fe folded before Flop (didn't bet)
Seat 4: Hero (button) folded before Flop (didn't bet)
Seat 5: 56b4270e (small blind) folded before Flop


Poker Hand #HD1757019113: Hold'em No Limit ($0.05/$0.1) - 2024/05/03 16:25:49
Table 'NLHRed67' 6-max Seat #3 is the button
Seat 1: e586a681 ($7.48 in chips)
Seat 3: 35054fe ($11.08 in chips)
Seat 4: Hero ($10.77 in chips)
Seat 5: 56b4270e ($5.46 in chips)
Hero: posts small blind $0.05
56b4270e: posts big blind $0.1
*** HOLE CARDS ***
Dealt to e586a681 
Dealt to 35054fe 
Dealt to Hero [2h Th]
Dealt to 56b4270e 
e586a681: folds
35054fe: folds
Hero: folds
Uncalled bet ($0.05) returned to 56b4270e
*** SHOWDOWN ***
56b4270e collected $0.1 from pot
*** SUMMARY ***
Total pot $0.1 | Rake $0 | Jackpot $0 | Bingo $0 | Fortune $0 | Tax $0
Seat 1: e586a681 folded before Flop (didn't bet)
Seat 3: 35054fe (button) folded before Flop (didn't bet)
Seat 4: Hero (small blind) folded before Flop
Seat 5: 56b4270e (big blind) collected ($0.1)


Poker Hand #HD1757019095: Hold'em No Limit ($0.05/$0.1) - 2024/05/03 16:25:41
Table 'NLHRed67' 6-max Seat #1 is the button
Seat 1: e586a681 ($7.48 in chips)
Seat 3: 35054fe ($11.13 in chips)
Seat 4: Hero ($10.72 in chips)
Seat 5: 56b4270e ($5.46 in chips)
35054fe: posts small blind $0.05
Hero: posts big blind $0.1
*** HOLE CARDS ***
Dealt to e586a681 
Dealt to 35054fe 
Dealt to Hero [9d Qs]
Dealt to 56b4270e 
56b4270e: folds
e586a681: folds
35054fe: folds
Uncalled bet ($0.05) returned to Hero
*** SHOWDOWN ***
Hero collected $0.1 from pot
*** SUMMARY ***
Total pot $0.1 | Rake $0 | Jackpot $0 | Bingo $0 | Fortune $0 | Tax $0
Seat 1: e586a681 (button) folded before Flop (didn't bet)
Seat 3: 35054fe (small blind) folded before Flop
Seat 4: Hero (big blind) collected ($0.1)
Seat 5: 56b4270e folded before Flop (didn't bet)


Poker Hand #HD1757019070: Hold'em No Limit ($0.05/$0.1) - 2024/05/03 16:25:30
Table 'NLHRed67' 6-max Seat #5 is the button
Seat 1: e586a681 ($7.53 in chips)
Seat 3: 35054fe ($11.23 in chips)
Seat 4: Hero ($10.57 in chips)
Seat 5: 56b4270e ($5.46 in chips)
e586a681: posts small blind $0.05
35054fe: posts big blind $0.1
*** HOLE CARDS ***
Dealt to e586a681 
Dealt to 35054fe 
Dealt to Hero [Qd Kd]
Dealt to 56b4270e 
Hero: raises $0.14 to $0.24
56b4270e: folds
e586a681: folds
35054fe: folds
Uncalled bet ($0.14) returned to Hero
*** SHOWDOWN ***
Hero collected $0.25 from pot
*** SUMMARY ***
Total pot $0.25 | Rake $0 | Jackpot $0 | Bingo $0 | Fortune $0 | Tax $0
Seat 1: e586a681 (small blind) folded before Flop
Seat 3: 35054fe (big blind) folded before Flop
Seat 4: Hero collected ($0.25)
Seat 5: 56b4270e (button) folded before Flop (didn't bet)


Poker Hand #HD1757019030: Hold'em No Limit ($0.05/$0.1) - 2024/05/03 16:25:15
Table 'NLHRed67' 6-max Seat #4 is the button
Seat 1: e586a681 ($7.63 in chips)
Seat 3: 35054fe ($11.23 in chips)
Seat 4: Hero ($10.57 in chips)
Seat 5: 56b4270e ($5.36 in chips)
56b4270e: posts small blind $0.05
e586a681: posts big blind $0.1
*** HOLE CARDS ***
Dealt to e586a681 
Dealt to 35054fe 
Dealt to Hero [6d 8h]
Dealt to 56b4270e 
35054fe: folds
Hero: folds
56b4270e: raises $0.22 to $0.32
e586a681: folds
Uncalled bet ($0.22) returned to 56b4270e
*** SHOWDOWN ***
56b4270e collected $0.2 from pot
*** SUMMARY ***
Total pot $0.2 | Rake $0 | Jackpot $0 | Bingo $0 | Fortune $0 | Tax $0
Seat 1: e586a681 (big blind) folded before Flop
Seat 3: 35054fe folded before Flop (didn't bet)
Seat 4: Hero (button) folded before Flop (didn't bet)
Seat 5: 56b4270e (small blind) collected ($0.2)


Poker Hand #HD1757019015: Hold'em No Limit ($0.05/$0.1) - 2024/05/03 16:25:07
Table 'NLHRed67' 6-max Seat #3 is the button
Seat 1: e586a681 ($7.63 in chips)
Seat 3: 35054fe ($11.23 in chips)
Seat 4: Hero ($10.62 in chips)
Seat 5: 56b4270e ($5.31 in chips)
Hero: posts small blind $0.05
56b4270e: posts big blind $0.1
*** HOLE CARDS ***
Dealt to e586a681 
Dealt to 35054fe 
Dealt to Hero [4c Ad]
Dealt to 56b4270e 
e586a681: folds
35054fe: folds
Hero: folds
Uncalled bet ($0.05) returned to 56b4270e
*** SHOWDOWN ***
56b4270e collected $0.1 from pot
*** SUMMARY ***
Total pot $0.1 | Rake $0 | Jackpot $0 | Bingo $0 | Fortune $0 | Tax $0
Seat 1: e586a681 folded before Flop (didn't bet)
Seat 3: 35054fe (button) folded before Flop (didn't bet)
Seat 4: Hero (small blind) folded before Flop
Seat 5: 56b4270e (big blind) collected ($0.1)


Poker Hand #HD1757018942: Hold'em No Limit ($0.05/$0.1) - 2024/05/03 16:24:35
Table 'NLHRed67' 6-max Seat #1 is the button
Seat 1: e586a681 ($7.73 in chips)
Seat 3: 35054fe ($10.05 in chips)
Seat 4: Hero ($11.82 in chips)
Seat 5: 56b4270e ($5.31 in chips)
35054fe: posts small blind $0.05
Hero: posts big blind $0.1
*** HOLE CARDS ***
Dealt to e586a681 
Dealt to 35054fe 
Dealt to Hero [Qc Ah]
Dealt to 56b4270e 
56b4270e: folds
e586a681: calls $0.1
35054fe: raises $0.2 to $0.3
Hero: raises $0.9 to $1.2
e586a681: folds
35054fe: raises $2.7 to $3.9
Hero: folds
Uncalled bet ($2.7) returned to 35054fe
*** SHOWDOWN ***
35054fe collected $2.38 from pot
*** SUMMARY ***
Total pot $2.5 | Rake $0.12 | Jackpot $0 | Bingo $0 | Fortune $0 | Tax $0
Seat 1: e586a681 (button) folded before Flop
Seat 3: 35054fe (small blind) collected ($2.38)
Seat 4: Hero (big blind) folded before Flop
Seat 5: 56b4270e folded before Flop (didn't bet)


Poker Hand #HD1757018926: Hold'em No Limit ($0.05/$0.1) - 2024/05/03 16:24:26
Table 'NLHRed67' 6-max Seat #5 is the button
Seat 1: e586a681 ($7.78 in chips)
Seat 3: 35054fe ($10 in chips)
Seat 4: Hero ($11.82 in chips)
Seat 5: 56b4270e ($5.31 in chips)
e586a681: posts small blind $0.05
35054fe: posts big blind $0.1
*** HOLE CARDS ***
Dealt to e586a681 
Dealt to 35054fe 
Dealt to Hero [9h 5h]
Dealt to 56b4270e 
Hero: folds
56b4270e: folds
e586a681: folds
Uncalled bet ($0.05) returned to 35054fe
*** SHOWDOWN ***
35054fe collected $0.1 from pot
*** SUMMARY ***
Total pot $0.1 | Rake $0 | Jackpot $0 | Bingo $0 | Fortune $0 | Tax $0
Seat 1: e586a681 (small blind) folded before Flop
Seat 3: 35054fe (big blind) collected ($0.1)
Seat 4: Hero folded before Flop (didn't bet)
Seat 5: 56b4270e (button) folded before Flop (didn't bet)


Poker Hand #HD1757018805: Hold'em No Limit ($0.05/$0.1) - 2024/05/03 16:23:29
Table 'NLHRed67' 6-max Seat #4 is the button
Seat 1: e586a681 ($7.88 in chips)
Seat 3: 35054fe ($10 in chips)
Seat 4: Hero ($11.82 in chips)
Seat 5: 56b4270e ($5.22 in chips)
56b4270e: posts small blind $0.05
e586a681: posts big blind $0.1
*** HOLE CARDS ***
Dealt to e586a681 
Dealt to 35054fe 
Dealt to Hero [5s 3c]
Dealt to 56b4270e 
35054fe: folds
Hero: folds
56b4270e: calls $0.05
e586a681: checks
*** FLOP *** [Qh 2s 8c]
56b4270e: checks
e586a681: checks
*** TURN *** [Qh 2s 8c] [6h]
56b4270e: bets $0.14
e586a681: folds
Uncalled bet ($0.14) returned to 56b4270e
*** SHOWDOWN ***
56b4270e collected $0.19 from pot
*** SUMMARY ***
Total pot $0.2 | Rake $0.01 | Jackpot $0 | Bingo $0 | Fortune $0 | Tax $0
Board [Qh 2s 8c 6h]
Seat 1: e586a681 (big blind) folded on the Turn
Seat 3: 35054fe folded before Flop (didn't bet)
Seat 4: Hero (button) folded before Flop (didn't bet)
Seat 5: 56b4270e (small blind) won ($0.19)


Poker Hand #HD1757018746: Hold'em No Limit ($0.05/$0.1) - 2024/05/03 16:23:02
Table 'NLHRed67' 6-max Seat #3 is the button
Seat 1: e586a681 ($7.88 in chips)
Seat 3: 35054fe ($10 in chips)
Seat 4: Hero ($11.5 in chips)
Seat 5: 56b4270e ($5.32 in chips)
Hero: posts small blind $0.05
56b4270e: posts big blind $0.1
*** HOLE CARDS ***
Dealt to e586a681 
Dealt to 35054fe 
Dealt to Hero [Ac Jh]
Dealt to 56b4270e 
e586a681: folds
35054fe: raises $0.15 to $0.25
Hero: raises $0.95 to $1.2
56b4270e: folds
35054fe: folds
Uncalled bet ($0.95) returned to Hero
*** SHOWDOWN ***
Hero collected $0.57 from pot
*** SUMMARY ***
Total pot $0.6 | Rake $0.03 | Jackpot $0 | Bingo $0 | Fortune $0 | Tax $0
Seat 1: e586a681 folded before Flop (didn't bet)
Seat 3: 35054fe (button) folded before Flop
Seat 4: Hero (small blind) collected ($0.57)
Seat 5: 56b4270e (big blind) folded before Flop


Poker Hand #HD1757018715: Hold'em No Limit ($0.05/$0.1) - 2024/05/03 16:22:49
Table 'NLHRed67' 6-max Seat #1 is the button
Seat 1: e586a681 ($7.88 in chips)
Seat 3: 35054fe ($10 in chips)
Seat 4: Hero ($11.6 in chips)
Seat 5: 56b4270e ($5.17 in chips)
35054fe: posts small blind $0.05
Hero: posts big blind $0.1
*** HOLE CARDS ***
Dealt to e586a681 
Dealt to 35054fe 
Dealt to Hero [5h Qd]
Dealt to 56b4270e 
56b4270e: raises $0.1 to $0.2
e586a681: folds
35054fe: folds
Hero: folds
Uncalled bet ($0.1) returned to 56b4270e
*** SHOWDOWN ***
56b4270e collected $0.25 from pot
*** SUMMARY ***
Total pot $0.25 | Rake $0 | Jackpot $0 | Bingo $0 | Fortune $0 | Tax $0
Seat 1: e586a681 (button) folded before Flop (didn't bet)
Seat 3: 35054fe (small blind) folded before Flop
Seat 4: Hero (big blind) folded before Flop
Seat 5: 56b4270e collected ($0.25)


Poker Hand #HD1757018670: Hold'em No Limit ($0.05/$0.1) - 2024/05/03 16:22:33
Table 'NLHRed67' 6-max Seat #5 is the button
Seat 1: e586a681 ($7.93 in chips)
Seat 3: 35054fe ($10.05 in chips)
Seat 4: Hero ($11.6 in chips)
Seat 5: 56b4270e ($5.02 in chips)
e586a681: posts small blind $0.05
35054fe: posts big blind $0.1
*** HOLE CARDS ***
Dealt to e586a681 
Dealt to 35054fe 
Dealt to Hero [5s 2s]
Dealt to 56b4270e 
Hero: folds
56b4270e: raises $0.1 to $0.2
e586a681: folds
35054fe: folds
Uncalled bet ($0.1) returned to 56b4270e
*** SHOWDOWN ***
56b4270e collected $0.25 from pot
*** SUMMARY ***
Total pot $0.25 | Rake $0 | Jackpot $0 | Bingo $0 | Fortune $0 | Tax $0
Seat 1: e586a681 (small blind) folded before Flop
Seat 3: 35054fe (big blind) folded before Flop
Seat 4: Hero folded before Flop (didn't bet)
Seat 5: 56b4270e (button) collected ($0.25)


Poker Hand #HD1757018649: Hold'em No Limit ($0.05/$0.1) - 2024/05/03 16:22:25
Table 'NLHRed67' 6-max Seat #4 is the button
Seat 1: e586a681 ($8.03 in chips)
Seat 3: 35054fe ($10.05 in chips)
Seat 4: Hero ($11.6 in chips)
Seat 5: 56b4270e ($4.92 in chips)
56b4270e: posts small blind $0.05
e586a681: posts big blind $0.1
*** HOLE CARDS ***
Dealt to e586a681 
Dealt to 35054fe 
Dealt to Hero [2c 4d]
Dealt to 56b4270e 
35054fe: folds
Hero: folds
56b4270e: raises $0.22 to $0.32
e586a681: folds
Uncalled bet ($0.22) returned to 56b4270e
*** SHOWDOWN ***
56b4270e collected $0.2 from pot
*** SUMMARY ***
Total pot $0.2 | Rake $0 | Jackpot $0 | Bingo $0 | Fortune $0 | Tax $0
Seat 1: e586a681 (big blind) folded before Flop
Seat 3: 35054fe folded before Flop (didn't bet)
Seat 4: Hero (button) folded before Flop (didn't bet)
Seat 5: 56b4270e (small blind) collected ($0.2)


Poker Hand #HD1757018585: Hold'em No Limit ($0.05/$0.1) - 2024/05/03 16:21:54
Table 'NLHRed67' 6-max Seat #3 is the button
Seat 1: e586a681 ($8.03 in chips)
Seat 2: 43d90e7 ($9.12 in chips)
Seat 3: 35054fe ($10.25 in chips)
Seat 4: Hero ($11.65 in chips)
Seat 5: 56b4270e ($4.5 in chips)
Seat 6: 1af0d1c1 ($16.53 in chips)
Hero: posts small blind $0.05
56b4270e: posts big blind $0.1
*** HOLE CARDS ***
Dealt to e586a681 
Dealt to 43d90e7 
Dealt to 35054fe 
Dealt to Hero [9s Ac]
Dealt to 56b4270e 
Dealt to 1af0d1c1 
1af0d1c1: folds
e586a681: folds
43d90e7: raises $0.1 to $0.2
35054fe: calls $0.2
Hero: folds
56b4270e: calls $0.1
*** FLOP *** [7c 6d 3c]
56b4270e: checks
43d90e7: checks
35054fe: checks
*** TURN *** [7c 6d 3c] [4c]
56b4270e: bets $0.43
43d90e7: folds
35054fe: folds
Uncalled bet ($0.43) returned to 56b4270e
*** SHOWDOWN ***
56b4270e collected $0.62 from pot
*** SUMMARY ***
Total pot $0.65 | Rake $0.03 | Jackpot $0 | Bingo $0 | Fortune $0 | Tax $0
Board [7c 6d 3c 4c]
Seat 1: e586a681 folded before Flop (didn't bet)
Seat 2: 43d90e7 folded on the Turn
Seat 3: 35054fe (button) folded on the Turn
Seat 4: Hero (small blind) folded before Flop
Seat 5: 56b4270e (big blind) won ($0.62)
Seat 6: 1af0d1c1 folded before Flop (didn't bet)


Poker Hand #HD1757018471: Hold'em No Limit ($0.05/$0.1) - 2024/05/03 16:20:58
Table 'NLHRed67' 6-max Seat #2 is the button
Seat 1: e586a681 ($8.03 in chips)
Seat 2: 43d90e7 ($9.57 in chips)
Seat 3: 35054fe ($9.75 in chips)
Seat 4: Hero ($11.75 in chips)
Seat 5: 56b4270e ($4.5 in chips)
Seat 6: 1af0d1c1 ($16.53 in chips)
35054fe: posts small blind $0.05
Hero: posts big blind $0.1
*** HOLE CARDS ***
Dealt to e586a681 
Dealt to 43d90e7 
Dealt to 35054fe 
Dealt to Hero [4c 2d]
Dealt to 56b4270e 
Dealt to 1af0d1c1 
56b4270e: folds
1af0d1c1: folds
e586a681: folds
43d90e7: raises $0.1 to $0.2
35054fe: calls $0.15
Hero: folds
*** FLOP *** [5h 7s 7h]
35054fe: checks
43d90e7: checks
*** TURN *** [5h 7s 7h] [Qs]
35054fe: checks
43d90e7: checks
*** RIVER *** [5h 7s 7h Qs] [4h]
35054fe: checks
43d90e7: bets $0.25
35054fe: calls $0.25
43d90e7: shows [3d 8d] (Pair of Sevens)
35054fe: shows [9s 9c] (Pair of Nines and Pair of Sevens)
*** SHOWDOWN ***
35054fe collected $0.95 from pot
*** SUMMARY ***
Total pot $1 | Rake $0.05 | Jackpot $0 | Bingo $0 | Fortune $0 | Tax $0
Board [5h 7s 7h Qs 4h]
Seat 1: e586a681 folded before Flop (didn't bet)
Seat 2: 43d90e7 (button) showed [3d 8d] and lost with Pair of Sevens
Seat 3: 35054fe (small blind) showed [9s 9c] and won ($0.95) with Pair of Nines and Pair of Sevens
Seat 4: Hero (big blind) folded before Flop
Seat 5: 56b4270e folded before Flop (didn't bet)
Seat 6: 1af0d1c1 folded before Flop (didn't bet)


Poker Hand #HD1757018440: Hold'em No Limit ($0.05/$0.1) - 2024/05/03 16:20:47
Table 'NLHRed67' 6-max Seat #1 is the button
Seat 1: e586a681 ($8.03 in chips)
Seat 2: 43d90e7 ($9.47 in chips)
Seat 3: 35054fe ($9.85 in chips)
Seat 4: Hero ($11.75 in chips)
Seat 5: 56b4270e ($4.5 in chips)
Seat 6: 1af0d1c1 ($16.53 in chips)
43d90e7: posts small blind $0.05
35054fe: posts big blind $0.1
*** HOLE CARDS ***
Dealt to e586a681 
Dealt to 43d90e7 
Dealt to 35054fe 
Dealt to Hero [Kd Jc]
Dealt to 56b4270e 
Dealt to 1af0d1c1 
Hero: folds
56b4270e: folds
1af0d1c1: folds
e586a681: folds
43d90e7: raises $0.1 to $0.2
35054fe: folds
Uncalled bet ($0.1) returned to 43d90e7
*** SHOWDOWN ***
43d90e7 collected $0.2 from pot
*** SUMMARY ***
Total pot $0.2 | Rake $0 | Jackpot $0 | Bingo $0 | Fortune $0 | Tax $0
Seat 1: e586a681 (button) folded before Flop (didn't bet)
Seat 2: 43d90e7 (small blind) collected ($0.2)
Seat 3: 35054fe (big blind) folded before Flop
Seat 4: Hero folded before Flop (didn't bet)
Seat 5: 56b4270e folded before Flop (didn't bet)
Seat 6: 1af0d1c1 folded before Flop (didn't bet)


Poker Hand #HD1757018402: Hold'em No Limit ($0.05/$0.1) - 2024/05/03 16:20:28
Table 'NLHRed67' 6-max Seat #6 is the button
Seat 1: e586a681 ($8.08 in chips)
Seat 2: 43d90e7 ($9.42 in chips)
Seat 3: 35054fe ($9.85 in chips)
Seat 4: Hero ($11.75 in chips)
Seat 5: 56b4270e ($4.5 in chips)
Seat 6: 1af0d1c1 ($16.53 in chips)
e586a681: posts small blind $0.05
43d90e7: posts big blind $0.1
*** HOLE CARDS ***
Dealt to e586a681 
Dealt to 43d90e7 
Dealt to 35054fe 
Dealt to Hero [Kh 8s]
Dealt to 56b4270e 
Dealt to 1af0d1c1 
35054fe: folds
Hero: folds
56b4270e: folds
1af0d1c1: folds
e586a681: folds
Uncalled bet ($0.05) returned to 43d90e7
*** SHOWDOWN ***
43d90e7 collected $0.1 from pot
*** SUMMARY ***
Total pot $0.1 | Rake $0 | Jackpot $0 | Bingo $0 | Fortune $0 | Tax $0
Seat 1: e586a681 (small blind) folded before Flop
Seat 2: 43d90e7 (big blind) collected ($0.1)
Seat 3: 35054fe folded before Flop (didn't bet)
Seat 4: Hero folded before Flop (didn't bet)
Seat 5: 56b4270e folded before Flop (didn't bet)
Seat 6: 1af0d1c1 (button) folded before Flop (didn't bet)


Poker Hand #HD1757018376: Hold'em No Limit ($0.05/$0.1) - 2024/05/03 16:20:17
Table 'NLHRed67' 6-max Seat #5 is the button
Seat 1: e586a681 ($8.18 in chips)
Seat 2: 43d90e7 ($9.42 in chips)
Seat 3: 35054fe ($9.85 in chips)
Seat 4: Hero ($11.75 in chips)
Seat 5: 56b4270e ($4.35 in chips)
Seat 6: 1af0d1c1 ($16.58 in chips)
1af0d1c1: posts small blind $0.05
e586a681: posts big blind $0.1
*** HOLE CARDS ***
Dealt to e586a681 
Dealt to 43d90e7 
Dealt to 35054fe 
Dealt to Hero [8d Ts]
Dealt to 56b4270e 
Dealt to 1af0d1c1 
43d90e7: folds
35054fe: folds
Hero: folds
56b4270e: raises $0.1 to $0.2
1af0d1c1: folds
e586a681: folds
Uncalled bet ($0.1) returned to 56b4270e
*** SHOWDOWN ***
56b4270e collected $0.25 from pot
*** SUMMARY ***
Total pot $0.25 | Rake $0 | Jackpot $0 | Bingo $0 | Fortune $0 | Tax $0
Seat 1: e586a681 (big blind) folded before Flop
Seat 2: 43d90e7 folded before Flop (didn't bet)
Seat 3: 35054fe folded before Flop (didn't bet)
Seat 4: Hero folded before Flop (didn't bet)
Seat 5: 56b4270e (button) collected ($0.25)
Seat 6: 1af0d1c1 (small blind) folded before Flop


Poker Hand #HD1757018326: Hold'em No Limit ($0.05/$0.1) - 2024/05/03 16:19:57
Table 'NLHRed67' 6-max Seat #4 is the button
Seat 1: e586a681 ($8.18 in chips)
Seat 2: 43d90e7 ($9.42 in chips)
Seat 3: 35054fe ($9.85 in chips)
Seat 4: Hero ($11.75 in chips)
Seat 5: 56b4270e ($4.25 in chips)
Seat 6: 1af0d1c1 ($16.68 in chips)
56b4270e: posts small blind $0.05
1af0d1c1: posts big blind $0.1
*** HOLE CARDS ***
Dealt to e586a681 
Dealt to 43d90e7 
Dealt to 35054fe 
Dealt to Hero [6h Kd]
Dealt to 56b4270e 
Dealt to 1af0d1c1 
e586a681: folds
43d90e7: folds
35054fe: folds
Hero: folds
56b4270e: raises $0.22 to $0.32
1af0d1c1: folds
Uncalled bet ($0.22) returned to 56b4270e
*** SHOWDOWN ***
56b4270e collected $0.2 from pot
*** SUMMARY ***
Total pot $0.2 | Rake $0 | Jackpot $0 | Bingo $0 | Fortune $0 | Tax $0
Seat 1: e586a681 folded before Flop (didn't bet)
Seat 2: 43d90e7 folded before Flop (didn't bet)
Seat 3: 35054fe folded before Flop (didn't bet)
Seat 4: Hero (button) folded before Flop (didn't bet)
Seat 5: 56b4270e (small blind) collected ($0.2)
Seat 6: 1af0d1c1 (big blind) folded before Flop


Poker Hand #HD1757018174: Hold'em No Limit ($0.05/$0.1) - 2024/05/03 16:18:49
Table 'NLHRed67' 6-max Seat #3 is the button
Seat 1: e586a681 ($8.18 in chips)
Seat 2: 43d90e7 ($9.42 in chips)
Seat 3: 35054fe ($9.85 in chips)
Seat 4: Hero ($11.8 in chips)
Seat 5: 56b4270e ($4 in chips)
Seat 6: 1af0d1c1 ($16.9 in chips)
Hero: posts small blind $0.05
56b4270e: posts big blind $0.1
*** HOLE CARDS ***
Dealt to e586a681 
Dealt to 43d90e7 
Dealt to 35054fe 
Dealt to Hero [7h Th]
Dealt to 56b4270e 
Dealt to 1af0d1c1 
1af0d1c1: raises $0.12 to $0.22
e586a681: folds
43d90e7: folds
35054fe: folds
Hero: folds
56b4270e: calls $0.12
*** FLOP *** [4c 4h 3d]
56b4270e: checks
1af0d1c1: checks
*** TURN *** [4c 4h 3d] [5d]
56b4270e: bets $0.43
1af0d1c1: folds
Uncalled bet ($0.43) returned to 56b4270e
*** SHOWDOWN ***
56b4270e collected $0.47 from pot
*** SUMMARY ***
Total pot $0.49 | Rake $0.02 | Jackpot $0 | Bingo $0 | Fortune $0 | Tax $0
Board [4c 4h 3d 5d]
Seat 1: e586a681 folded before Flop (didn't bet)
Seat 2: 43d90e7 folded before Flop (didn't bet)
Seat 3: 35054fe (button) folded before Flop (didn't bet)
Seat 4: Hero (small blind) folded before Flop
Seat 5: 56b4270e (big blind) won ($0.47)
Seat 6: 1af0d1c1 folded on the Turn


Poker Hand #HD1757018155: Hold'em No Limit ($0.05/$0.1) - 2024/05/03 16:18:37
Table 'NLHRed67' 6-max Seat #2 is the button
Seat 1: e586a681 ($8.18 in chips)
Seat 2: 43d90e7 ($9.42 in chips)
Seat 3: 35054fe ($9.9 in chips)
Seat 4: Hero ($11.9 in chips)
Seat 6: 1af0d1c1 ($16.75 in chips)
35054fe: posts small blind $0.05
Hero: posts big blind $0.1
*** HOLE CARDS ***
Dealt to e586a681 
Dealt to 43d90e7 
Dealt to 35054fe 
Dealt to Hero [Jc 5d]
Dealt to 1af0d1c1 
1af0d1c1: raises $0.12 to $0.22
e586a681: folds
43d90e7: folds
35054fe: folds
Hero: folds
Uncalled bet ($0.12) returned to 1af0d1c1
*** SHOWDOWN ***
1af0d1c1 collected $0.25 from pot
*** SUMMARY ***
Total pot $0.25 | Rake $0 | Jackpot $0 | Bingo $0 | Fortune $0 | Tax $0
Seat 1: e586a681 folded before Flop (didn't bet)
Seat 2: 43d90e7 (button) folded before Flop (didn't bet)
Seat 3: 35054fe (small blind) folded before Flop
Seat 4: Hero (big blind) folded before Flop
Seat 6: 1af0d1c1 collected ($0.25)


Poker Hand #HD1757018107: Hold'em No Limit ($0.05/$0.1) - 2024/05/03 16:18:16
Table 'NLHRed67' 6-max Seat #1 is the button
Seat 1: e586a681 ($8.18 in chips)
Seat 2: 43d90e7 ($9.47 in chips)
Seat 3: 35054fe ($10 in chips)
Seat 4: Hero ($11.9 in chips)
Seat 6: 1af0d1c1 ($16.6 in chips)
43d90e7: posts small blind $0.05
35054fe: posts big blind $0.1
*** HOLE CARDS ***
Dealt to e586a681 
Dealt to 43d90e7 
Dealt to 35054fe 
Dealt to Hero [Jd 5h]
Dealt to 1af0d1c1 
Hero: folds
1af0d1c1: raises $0.12 to $0.22
e586a681: folds
43d90e7: folds
35054fe: folds
Uncalled bet ($0.12) returned to 1af0d1c1
*** SHOWDOWN ***
1af0d1c1 collected $0.25 from pot
*** SUMMARY ***
Total pot $0.25 | Rake $0 | Jackpot $0 | Bingo $0 | Fortune $0 | Tax $0
Seat 1: e586a681 (button) folded before Flop (didn't bet)
Seat 2: 43d90e7 (small blind) folded before Flop
Seat 3: 35054fe (big blind) folded before Flop
Seat 4: Hero folded before Flop (didn't bet)
Seat 6: 1af0d1c1 collected ($0.25)


Poker Hand #HD1757017999: Hold'em No Limit ($0.05/$0.1) - 2024/05/03 16:17:24
Table 'NLHRed67' 6-max Seat #6 is the button
Seat 1: e586a681 ($8.23 in chips)
Seat 2: 43d90e7 ($9.72 in chips)
Seat 3: 35054fe ($10 in chips)
Seat 4: Hero ($11.9 in chips)
Seat 5: 1ca69707 ($10.32 in chips)
Seat 6: 1af0d1c1 ($16.32 in chips)
e586a681: posts small blind $0.05
43d90e7: posts big blind $0.1
*** HOLE CARDS ***
Dealt to e586a681 
Dealt to 43d90e7 
Dealt to 35054fe 
Dealt to Hero [Jd 9c]
Dealt to 1ca69707 
Dealt to 1af0d1c1 
35054fe: folds
Hero: folds
1ca69707: folds
1af0d1c1: raises $0.15 to $0.25
e586a681: folds
43d90e7: calls $0.15
*** FLOP *** [Ks Kh 9h]
43d90e7: checks
1af0d1c1: bets $0.14
43d90e7: folds
Uncalled bet ($0.14) returned to 1af0d1c1
*** SHOWDOWN ***
1af0d1c1 collected $0.53 from pot
*** SUMMARY ***
Total pot $0.55 | Rake $0.02 | Jackpot $0 | Bingo $0 | Fortune $0 | Tax $0
Board [Ks Kh 9h]
Seat 1: e586a681 (small blind) folded before Flop
Seat 2: 43d90e7 (big blind) folded on the Flop
Seat 3: 35054fe folded before Flop (didn't bet)
Seat 4: Hero folded before Flop (didn't bet)
Seat 5: 1ca69707 folded before Flop (didn't bet)
Seat 6: 1af0d1c1 (button) won ($0.53)


Poker Hand #HD1757017947: Hold'em No Limit ($0.05/$0.1) - 2024/05/03 16:17:01
Table 'NLHRed67' 6-max Seat #5 is the button
Seat 1: e586a681 ($8.33 in chips)
Seat 2: 43d90e7 ($9.72 in chips)
Seat 3: 35054fe ($10 in chips)
Seat 4: Hero ($11.9 in chips)
Seat 5: 1ca69707 ($10.32 in chips)
Seat 6: 1af0d1c1 ($16.22 in chips)
1af0d1c1: posts small blind $0.05
e586a681: posts big blind $0.1
*** HOLE CARDS ***
Dealt to e586a681 
Dealt to 43d90e7 
Dealt to 35054fe 
Dealt to Hero [4d Kd]
Dealt to 1ca69707 
Dealt to 1af0d1c1 
43d90e7: folds
35054fe: folds
Hero: folds
1ca69707: folds
1af0d1c1: raises $0.2 to $0.3
e586a681: folds
Uncalled bet ($0.2) returned to 1af0d1c1
*** SHOWDOWN ***
1af0d1c1 collected $0.2 from pot
*** SUMMARY ***
Total pot $0.2 | Rake $0 | Jackpot $0 | Bingo $0 | Fortune $0 | Tax $0
Seat 1: e586a681 (big blind) folded before Flop
Seat 2: 43d90e7 folded before Flop (didn't bet)
Seat 3: 35054fe folded before Flop (didn't bet)
Seat 4: Hero folded before Flop (didn't bet)
Seat 5: 1ca69707 (button) folded before Flop (didn't bet)
Seat 6: 1af0d1c1 (small blind) collected ($0.2)


Poker Hand #HD1757017874: Hold'em No Limit ($0.05/$0.1) - 2024/05/03 16:16:30
Table 'NLHRed67' 6-max Seat #4 is the button
Seat 1: e586a681 ($8.33 in chips)
Seat 2: 43d90e7 ($9.72 in chips)
Seat 3: 35054fe ($10 in chips)
Seat 4: Hero ($12.14 in chips)
Seat 5: 1ca69707 ($10 in chips)
Seat 6: 1af0d1c1 ($16.32 in chips)
1ca69707: posts small blind $0.05
1af0d1c1: posts big blind $0.1
*** HOLE CARDS ***
Dealt to e586a681 
Dealt to 43d90e7 
Dealt to 35054fe 
Dealt to Hero [Jc Kh]
Dealt to 1ca69707 
Dealt to 1af0d1c1 
e586a681: folds
43d90e7: folds
35054fe: folds
Hero: raises $0.14 to $0.24
1ca69707: raises $0.58 to $0.82
1af0d1c1: folds
Hero: folds
Uncalled bet ($0.58) returned to 1ca69707
*** SHOWDOWN ***
1ca69707 collected $0.56 from pot
*** SUMMARY ***
Total pot $0.58 | Rake $0.02 | Jackpot $0 | Bingo $0 | Fortune $0 | Tax $0
Seat 1: e586a681 folded before Flop (didn't bet)
Seat 2: 43d90e7 folded before Flop (didn't bet)
Seat 3: 35054fe folded before Flop (didn't bet)
Seat 4: Hero (button) folded before Flop
Seat 5: 1ca69707 (small blind) collected ($0.56)
Seat 6: 1af0d1c1 (big blind) folded before Flop


Poker Hand #HD1757017837: Hold'em No Limit ($0.05/$0.1) - 2024/05/03 16:16:11
Table 'NLHRed67' 6-max Seat #3 is the button
Seat 1: e586a681 ($8.33 in chips)
Seat 2: 43d90e7 ($9.72 in chips)
Seat 3: 35054fe ($10 in chips)
Seat 4: Hero ($12.04 in chips)
Seat 5: 1ca69707 ($10 in chips)
Seat 6: 1af0d1c1 ($16.32 in chips)
Hero: posts small blind $0.05
1ca69707: posts big blind $0.1
*** HOLE CARDS ***
Dealt to e586a681 
Dealt to 43d90e7 
Dealt to 35054fe 
Dealt to Hero [8c Ah]
Dealt to 1ca69707 
Dealt to 1af0d1c1 
1af0d1c1: folds
e586a681: folds
43d90e7: folds
35054fe: folds
Hero: raises $0.2 to $0.3
1ca69707: folds
Uncalled bet ($0.2) returned to Hero
*** SHOWDOWN ***
Hero collected $0.2 from pot
*** SUMMARY ***
Total pot $0.2 | Rake $0 | Jackpot $0 | Bingo $0 | Fortune $0 | Tax $0
Seat 1: e586a681 folded before Flop (didn't bet)
Seat 2: 43d90e7 folded before Flop (didn't bet)
Seat 3: 35054fe (button) folded before Flop (didn't bet)
Seat 4: Hero (small blind) collected ($0.2)
Seat 5: 1ca69707 (big blind) folded before Flop
Seat 6: 1af0d1c1 folded before Flop (didn't bet)


Poker Hand #HD1757017789: Hold'em No Limit ($0.05/$0.1) - 2024/05/03 16:15:49
Table 'NLHRed67' 6-max Seat #2 is the button
Seat 1: e586a681 ($8.33 in chips)
Seat 2: 43d90e7 ($9.57 in chips)
Seat 3: 35054fe ($10 in chips)
Seat 4: Hero ($12.14 in chips)
Seat 5: 1ca69707 ($10 in chips)
Seat 6: 1af0d1c1 ($16.32 in chips)
35054fe: posts small blind $0.05
Hero: posts big blind $0.1
*** HOLE CARDS ***
Dealt to e586a681 
Dealt to 43d90e7 
Dealt to 35054fe 
Dealt to Hero [8h 7s]
Dealt to 1ca69707 
Dealt to 1af0d1c1 
1ca69707: folds
1af0d1c1: folds
e586a681: folds
43d90e7: raises $0.1 to $0.2
35054fe: folds
Hero: folds
Uncalled bet ($0.1) returned to 43d90e7
*** SHOWDOWN ***
43d90e7 collected $0.25 from pot
*** SUMMARY ***
Total pot $0.25 | Rake $0 | Jackpot $0 | Bingo $0 | Fortune $0 | Tax $0
Seat 1: e586a681 folded before Flop (didn't bet)
Seat 2: 43d90e7 (button) collected ($0.25)
Seat 3: 35054fe (small blind) folded before Flop
Seat 4: Hero (big blind) folded before Flop
Seat 5: 1ca69707 folded before Flop (didn't bet)
Seat 6: 1af0d1c1 folded before Flop (didn't bet)


Poker Hand #HD1757017750: Hold'em No Limit ($0.05/$0.1) - 2024/05/03 16:15:33
Table 'NLHRed67' 6-max Seat #1 is the button
Seat 1: e586a681 ($8.33 in chips)
Seat 2: 43d90e7 ($9.47 in chips)
Seat 3: 35054fe ($10 in chips)
Seat 4: Hero ($12.14 in chips)
Seat 5: 1ca69707 ($10 in chips)
Seat 6: 1af0d1c1 ($16.32 in chips)
43d90e7: posts small blind $0.05
35054fe: posts big blind $0.1
*** HOLE CARDS ***
Dealt to e586a681 
Dealt to 43d90e7 
Dealt to 35054fe 
Dealt to Hero [9d 2h]
Dealt to 1ca69707 
Dealt to 1af0d1c1 
Hero: folds
1ca69707: folds
1af0d1c1: folds
e586a681: folds
43d90e7: raises $0.1 to $0.2
35054fe: folds
Uncalled bet ($0.1) returned to 43d90e7
*** SHOWDOWN ***
43d90e7 collected $0.2 from pot
*** SUMMARY ***
Total pot $0.2 | Rake $0 | Jackpot $0 | Bingo $0 | Fortune $0 | Tax $0
Seat 1: e586a681 (button) folded before Flop (didn't bet)
Seat 2: 43d90e7 (small blind) collected ($0.2)
Seat 3: 35054fe (big blind) folded before Flop
Seat 4: Hero folded before Flop (didn't bet)
Seat 5: 1ca69707 folded before Flop (didn't bet)
Seat 6: 1af0d1c1 folded before Flop (didn't bet)


Poker Hand #HD1757017670: Hold'em No Limit ($0.05/$0.1) - 2024/05/03 16:15:02
Table 'NLHRed67' 6-max Seat #6 is the button
Seat 1: e586a681 ($8.38 in chips)
Seat 2: 43d90e7 ($9.57 in chips)
Seat 3: 35054fe ($10 in chips)
Seat 4: Hero ($12.34 in chips)
Seat 5: 1ca69707 ($9.97 in chips)
Seat 6: 1af0d1c1 ($15.99 in chips)
e586a681: posts small blind $0.05
43d90e7: posts big blind $0.1
*** HOLE CARDS ***
Dealt to e586a681 
Dealt to 43d90e7 
Dealt to 35054fe 
Dealt to Hero [Jd Qh]
Dealt to 1ca69707 
Dealt to 1af0d1c1 
35054fe: folds
Hero: raises $0.1 to $0.2
1ca69707: folds
1af0d1c1: raises $0.6 to $0.8
e586a681: folds
43d90e7: folds
Hero: folds
Uncalled bet ($0.6) returned to 1af0d1c1
*** SHOWDOWN ***
1af0d1c1 collected $0.53 from pot
*** SUMMARY ***
Total pot $0.55 | Rake $0.02 | Jackpot $0 | Bingo $0 | Fortune $0 | Tax $0
Seat 1: e586a681 (small blind) folded before Flop
Seat 2: 43d90e7 (big blind) folded before Flop
Seat 3: 35054fe folded before Flop (didn't bet)
Seat 4: Hero folded before Flop
Seat 5: 1ca69707 folded before Flop (didn't bet)
Seat 6: 1af0d1c1 (button) collected ($0.53)


Poker Hand #HD1757017632: Hold'em No Limit ($0.05/$0.1) - 2024/05/03 16:14:44
Table 'NLHRed67' 6-max Seat #5 is the button
Seat 1: e586a681 ($8.48 in chips)
Seat 2: 43d90e7 ($9.57 in chips)
Seat 3: 35054fe ($10 in chips)
Seat 4: Hero ($12.19 in chips)
Seat 5: 1ca69707 ($9.97 in chips)
Seat 6: 1af0d1c1 ($16.04 in chips)
1af0d1c1: posts small blind $0.05
e586a681: posts big blind $0.1
*** HOLE CARDS ***
Dealt to e586a681 
Dealt to 43d90e7 
Dealt to 35054fe 
Dealt to Hero [9c 9d]
Dealt to 1ca69707 
Dealt to 1af0d1c1 
43d90e7: folds
35054fe: folds
Hero: raises $0.14 to $0.24
1ca69707: folds
1af0d1c1: folds
e586a681: folds
Uncalled bet ($0.14) returned to Hero
*** SHOWDOWN ***
Hero collected $0.25 from pot
*** SUMMARY ***
Total pot $0.25 | Rake $0 | Jackpot $0 | Bingo $0 | Fortune $0 | Tax $0
Seat 1: e586a681 (big blind) folded before Flop
Seat 2: 43d90e7 folded before Flop (didn't bet)
Seat 3: 35054fe folded before Flop (didn't bet)
Seat 4: Hero collected ($0.25)
Seat 5: 1ca69707 (button) folded before Flop (didn't bet)
Seat 6: 1af0d1c1 (small blind) folded before Flop


Poker Hand #HD1757017591: Hold'em No Limit ($0.05/$0.1) - 2024/05/03 16:14:32
Table 'NLHRed67' 6-max Seat #4 is the button
Seat 1: e586a681 ($8.48 in chips)
Seat 2: 43d90e7 ($9.57 in chips)
Seat 3: 35054fe ($10 in chips)
Seat 4: Hero ($12.04 in chips)
Seat 5: 1ca69707 ($10.02 in chips)
Seat 6: 1af0d1c1 ($16.14 in chips)
1ca69707: posts small blind $0.05
1af0d1c1: posts big blind $0.1
*** HOLE CARDS ***
Dealt to e586a681 
Dealt to 43d90e7 
Dealt to 35054fe 
Dealt to Hero [9d Qh]
Dealt to 1ca69707 
Dealt to 1af0d1c1 
e586a681: folds
43d90e7: folds
35054fe: folds
Hero: raises $0.14 to $0.24
1ca69707: folds
1af0d1c1: folds
Uncalled bet ($0.14) returned to Hero
*** SHOWDOWN ***
Hero collected $0.25 from pot
*** SUMMARY ***
Total pot $0.25 | Rake $0 | Jackpot $0 | Bingo $0 | Fortune $0 | Tax $0
Seat 1: e586a681 folded before Flop (didn't bet)
Seat 2: 43d90e7 folded before Flop (didn't bet)
Seat 3: 35054fe folded before Flop (didn't bet)
Seat 4: Hero (button) collected ($0.25)
Seat 5: 1ca69707 (small blind) folded before Flop
Seat 6: 1af0d1c1 (big blind) folded before Flop


Poker Hand #HD1757017576: Hold'em No Limit ($0.05/$0.1) - 2024/05/03 16:14:23
Table 'NLHRed67' 6-max Seat #3 is the button
Seat 1: e586a681 ($8.48 in chips)
Seat 2: 43d90e7 ($9.57 in chips)
Seat 3: 35054fe ($10 in chips)
Seat 4: Hero ($12.09 in chips)
Seat 5: 1ca69707 ($9.97 in chips)
Seat 6: 1af0d1c1 ($16.14 in chips)
Hero: posts small blind $0.05
1ca69707: posts big blind $0.1
*** HOLE CARDS ***
Dealt to e586a681 
Dealt to 43d90e7 
Dealt to 35054fe 
Dealt to Hero [3s 2s]
Dealt to 1ca69707 
Dealt to 1af0d1c1 
1af0d1c1: folds
e586a681: folds
43d90e7: folds
35054fe: folds
Hero: folds
Uncalled bet ($0.05) returned to 1ca69707
*** SHOWDOWN ***
1ca69707 collected $0.1 from pot
*** SUMMARY ***
Total pot $0.1 | Rake $0 | Jackpot $0 | Bingo $0 | Fortune $0 | Tax $0
Seat 1: e586a681 folded before Flop (didn't bet)
Seat 2: 43d90e7 folded before Flop (didn't bet)
Seat 3: 35054fe (button) folded before Flop (didn't bet)
Seat 4: Hero (small blind) folded before Flop
Seat 5: 1ca69707 (big blind) collected ($0.1)
Seat 6: 1af0d1c1 folded before Flop (didn't bet)


Poker Hand #HD1757017512: Hold'em No Limit ($0.05/$0.1) - 2024/05/03 16:13:54
Table 'NLHRed67' 6-max Seat #2 is the button
Seat 1: e586a681 ($8.58 in chips)
Seat 2: 43d90e7 ($9.57 in chips)
Seat 3: 35054fe ($10 in chips)
Seat 4: Hero ($11.95 in chips)
Seat 5: 1ca69707 ($9.97 in chips)
Seat 6: 1af0d1c1 ($16.14 in chips)
35054fe: posts small blind $0.05
Hero: posts big blind $0.1
e586a681: posts big blind $0.1
*** HOLE CARDS ***
Dealt to e586a681 
Dealt to 43d90e7 
Dealt to 35054fe 
Dealt to Hero [3c 2c]
Dealt to 1ca69707 
Dealt to 1af0d1c1 
1ca69707: folds
1af0d1c1: folds
e586a681: checks
43d90e7: folds
35054fe: folds
Hero: checks
*** FLOP *** [Kh As 2s]
Hero: checks
e586a681: checks
*** TURN *** [Kh As 2s] [2h]
Hero: bets $0.3
e586a681: folds
Uncalled bet ($0.3) returned to Hero
*** SHOWDOWN ***
Hero collected $0.24 from pot
*** SUMMARY ***
Total pot $0.25 | Rake $0.01 | Jackpot $0 | Bingo $0 | Fortune $0 | Tax $0
Board [Kh As 2s 2h]
Seat 1: e586a681 folded on the Turn
Seat 2: 43d90e7 (button) folded before Flop (didn't bet)
Seat 3: 35054fe (small blind) folded before Flop
Seat 4: Hero (big blind) won ($0.24)
Seat 5: 1ca69707 folded before Flop (didn't bet)
Seat 6: 1af0d1c1 folded before Flop (didn't bet)


Poker Hand #HD1757017429: Hold'em No Limit ($0.05/$0.1) - 2024/05/03 16:13:14
Table 'NLHRed67' 6-max Seat #6 is the button
Seat 2: 43d90e7 ($9.62 in chips)
Seat 3: 35054fe ($10 in chips)
Seat 4: Hero ($11.72 in chips)
Seat 5: 1ca69707 ($9.97 in chips)
Seat 6: 1af0d1c1 ($16.14 in chips)
43d90e7: posts small blind $0.05
35054fe: posts big blind $0.1
*** HOLE CARDS ***
Dealt to 43d90e7 
Dealt to 35054fe 
Dealt to Hero [Qd Ad]
Dealt to 1ca69707 
Dealt to 1af0d1c1 
Hero: raises $0.1 to $0.2
1ca69707: folds
1af0d1c1: folds
43d90e7: folds
35054fe: calls $0.1
*** FLOP *** [9h 2d 9d]
35054fe: checks
Hero: bets $0.2
35054fe: folds
Uncalled bet ($0.2) returned to Hero
*** SHOWDOWN ***
Hero collected $0.43 from pot
*** SUMMARY ***
Total pot $0.45 | Rake $0.02 | Jackpot $0 | Bingo $0 | Fortune $0 | Tax $0
Board [9h 2d 9d]
Seat 2: 43d90e7 (small blind) folded before Flop
Seat 3: 35054fe (big blind) folded on the Flop
Seat 4: Hero won ($0.43)
Seat 5: 1ca69707 folded before Flop (didn't bet)
Seat 6: 1af0d1c1 (button) folded before Flop (didn't bet)


Poker Hand #HD1757017298: Hold'em No Limit ($0.05/$0.1) - 2024/05/03 16:12:23
Table 'NLHRed67' 6-max Seat #5 is the button
Seat 2: 43d90e7 ($9.72 in chips)
Seat 3: 35054fe ($10 in chips)
Seat 4: Hero ($11.96 in chips)
Seat 5: 1ca69707 ($9.97 in chips)
Seat 6: 1af0d1c1 ($15.82 in chips)
1af0d1c1: posts small blind $0.05
43d90e7: posts big blind $0.1
*** HOLE CARDS ***
Dealt to 43d90e7 
Dealt to 35054fe 
Dealt to Hero [Js As]
Dealt to 1ca69707 
Dealt to 1af0d1c1 
35054fe: folds
Hero: raises $0.14 to $0.24
1ca69707: folds
1af0d1c1: calls $0.19
43d90e7: folds
*** FLOP *** [Qc 6c 5c]
1af0d1c1: checks
Hero: checks
*** TURN *** [Qc 6c 5c] [2c]
1af0d1c1: bets $0.15
Hero: folds
Uncalled bet ($0.15) returned to 1af0d1c1
*** SHOWDOWN ***
1af0d1c1 collected $0.56 from pot
*** SUMMARY ***
Total pot $0.58 | Rake $0.02 | Jackpot $0 | Bingo $0 | Fortune $0 | Tax $0
Board [Qc 6c 5c 2c]
Seat 2: 43d90e7 (big blind) folded before Flop
Seat 3: 35054fe folded before Flop (didn't bet)
Seat 4: Hero folded on the Turn
Seat 5: 1ca69707 (button) folded before Flop (didn't bet)
Seat 6: 1af0d1c1 (small blind) won ($0.56)


Poker Hand #HD1757017214: Hold'em No Limit ($0.05/$0.1) - 2024/05/03 16:11:49
Table 'NLHRed67' 6-max Seat #4 is the button
Seat 2: 43d90e7 ($9.49 in chips)
Seat 3: 35054fe ($10 in chips)
Seat 4: Hero ($11.96 in chips)
Seat 5: 1ca69707 ($10.02 in chips)
Seat 6: 1af0d1c1 ($16.02 in chips)
1ca69707: posts small blind $0.05
1af0d1c1: posts big blind $0.1
*** HOLE CARDS ***
Dealt to 43d90e7 
Dealt to 35054fe 
Dealt to Hero [Ts 8c]
Dealt to 1ca69707 
Dealt to 1af0d1c1 
43d90e7: raises $0.1 to $0.2
35054fe: folds
Hero: folds
1ca69707: folds
1af0d1c1: calls $0.1
*** FLOP *** [2d 8d 2h]
1af0d1c1: checks
43d90e7: bets $0.23
1af0d1c1: folds
Uncalled bet ($0.23) returned to 43d90e7
*** SHOWDOWN ***
43d90e7 collected $0.43 from pot
*** SUMMARY ***
Total pot $0.45 | Rake $0.02 | Jackpot $0 | Bingo $0 | Fortune $0 | Tax $0
Board [2d 8d 2h]
Seat 2: 43d90e7 won ($0.43)
Seat 3: 35054fe folded before Flop (didn't bet)
Seat 4: Hero (button) folded before Flop (didn't bet)
Seat 5: 1ca69707 (small blind) folded before Flop
Seat 6: 1af0d1c1 (big blind) folded on the Flop


Poker Hand #HD1757017104: Hold'em No Limit ($0.05/$0.1) - 2024/05/03 16:11:07
Table 'NLHRed67' 6-max Seat #3 is the button
Seat 2: 43d90e7 ($9.49 in chips)
Seat 3: 35054fe ($10 in chips)
Seat 4: Hero ($12.26 in chips)
Seat 5: 1ca69707 ($9.75 in chips)
Seat 6: 1af0d1c1 ($16.02 in chips)
Hero: posts small blind $0.05
1ca69707: posts big blind $0.1
*** HOLE CARDS ***
Dealt to 43d90e7 
Dealt to 35054fe 
Dealt to Hero [9s Qs]
Dealt to 1ca69707 
Dealt to 1af0d1c1 
1af0d1c1: folds
43d90e7: folds
35054fe: folds
Hero: raises $0.2 to $0.3
1ca69707: calls $0.2
*** FLOP *** [2h 7h 6h]
Hero: checks
1ca69707: checks
*** TURN *** [2h 7h 6h] [3s]
Hero: checks
1ca69707: bets $0.4
Hero: folds
Uncalled bet ($0.4) returned to 1ca69707
*** SHOWDOWN ***
1ca69707 collected $0.57 from pot
*** SUMMARY ***
Total pot $0.6 | Rake $0.03 | Jackpot $0 | Bingo $0 | Fortune $0 | Tax $0
Board [2h 7h 6h 3s]
Seat 2: 43d90e7 folded before Flop (didn't bet)
Seat 3: 35054fe (button) folded before Flop (didn't bet)
Seat 4: Hero (small blind) folded on the Turn
Seat 5: 1ca69707 (big blind) won ($0.57)
Seat 6: 1af0d1c1 folded before Flop (didn't bet)


Poker Hand #HD1757017037: Hold'em No Limit ($0.05/$0.1) - 2024/05/03 16:10:40
Table 'NLHRed67' 6-max Seat #2 is the button
Seat 2: 43d90e7 ($9.49 in chips)
Seat 3: 35054fe ($10.05 in chips)
Seat 4: Hero ($12.21 in chips)
Seat 5: 1ca69707 ($9.75 in chips)
Seat 6: 1af0d1c1 ($16.02 in chips)
35054fe: posts small blind $0.05
Hero: posts big blind $0.1
*** HOLE CARDS ***
Dealt to 43d90e7 
Dealt to 35054fe 
Dealt to Hero [Td 3c]
Dealt to 1ca69707 
Dealt to 1af0d1c1 
1ca69707: folds
1af0d1c1: folds
43d90e7: folds
35054fe: folds
Uncalled bet ($0.05) returned to Hero
*** SHOWDOWN ***
Hero collected $0.1 from pot
*** SUMMARY ***
Total pot $0.1 | Rake $0 | Jackpot $0 | Bingo $0 | Fortune $0 | Tax $0
Seat 2: 43d90e7 (button) folded before Flop (didn't bet)
Seat 3: 35054fe (small blind) folded before Flop
Seat 4: Hero (big blind) collected ($0.1)
Seat 5: 1ca69707 folded before Flop (didn't bet)
Seat 6: 1af0d1c1 folded before Flop (didn't bet)


Poker Hand #HD1757016988: Hold'em No Limit ($0.05/$0.1) - 2024/05/03 16:10:17
Table 'NLHRed67' 6-max Seat #6 is the button
Seat 2: 43d90e7 ($9.54 in chips)
Seat 3: 35054fe ($10 in chips)
Seat 4: Hero ($12.21 in chips)
Seat 5: 1ca69707 ($9.75 in chips)
Seat 6: 1af0d1c1 ($16.02 in chips)
43d90e7: posts small blind $0.05
35054fe: posts big blind $0.1
*** HOLE CARDS ***
Dealt to 43d90e7 
Dealt to 35054fe 
Dealt to Hero [Qs 9h]
Dealt to 1ca69707 
Dealt to 1af0d1c1 
Hero: folds
1ca69707: folds
1af0d1c1: folds
43d90e7: folds
Uncalled bet ($0.05) returned to 35054fe
*** SHOWDOWN ***
35054fe collected $0.1 from pot
*** SUMMARY ***
Total pot $0.1 | Rake $0 | Jackpot $0 | Bingo $0 | Fortune $0 | Tax $0
Seat 2: 43d90e7 (small blind) folded before Flop
Seat 3: 35054fe (big blind) collected ($0.1)
Seat 4: Hero folded before Flop (didn't bet)
Seat 5: 1ca69707 folded before Flop (didn't bet)
Seat 6: 1af0d1c1 (button) folded before Flop (didn't bet)


Poker Hand #HD1757016906: Hold'em No Limit ($0.05/$0.1) - 2024/05/03 16:09:42
Table 'NLHRed67' 6-max Seat #5 is the button
Seat 2: 43d90e7 ($9.64 in chips)
Seat 3: 35054fe ($10 in chips)
Seat 4: Hero ($12.21 in chips)
Seat 5: 1ca69707 ($10 in chips)
Seat 6: 1af0d1c1 ($15.46 in chips)
1af0d1c1: posts small blind $0.05
43d90e7: posts big blind $0.1
*** HOLE CARDS ***
Dealt to 43d90e7 
Dealt to 35054fe 
Dealt to Hero [9s As]
Dealt to 1ca69707 
Dealt to 1af0d1c1 
35054fe: raises $0.15 to $0.25
Hero: folds
1ca69707: calls $0.25
1af0d1c1: raises $1.25 to $1.5
43d90e7: folds
35054fe: folds
1ca69707: folds
Uncalled bet ($1.25) returned to 1af0d1c1
*** SHOWDOWN ***
1af0d1c1 collected $0.81 from pot
*** SUMMARY ***
Total pot $0.85 | Rake $0.04 | Jackpot $0 | Bingo $0 | Fortune $0 | Tax $0
Seat 2: 43d90e7 (big blind) folded before Flop
Seat 3: 35054fe folded before Flop
Seat 4: Hero folded before Flop (didn't bet)
Seat 5: 1ca69707 (button) folded before Flop
Seat 6: 1af0d1c1 (small blind) collected ($0.81)


Poker Hand #HD1757016850: Hold'em No Limit ($0.05/$0.1) - 2024/05/03 16:09:19
Table 'NLHRed67' 6-max Seat #4 is the button
Seat 2: 43d90e7 ($9.64 in chips)
Seat 3: 35054fe ($10 in chips)
Seat 4: Hero ($12.06 in chips)
Seat 5: 1ca69707 ($10.05 in chips)
Seat 6: 1af0d1c1 ($15.56 in chips)
1ca69707: posts small blind $0.05
1af0d1c1: posts big blind $0.1
*** HOLE CARDS ***
Dealt to 43d90e7 
Dealt to 35054fe 
Dealt to Hero [Qc Js]
Dealt to 1ca69707 
Dealt to 1af0d1c1 
43d90e7: folds
35054fe: folds
Hero: raises $0.14 to $0.24
1ca69707: folds
1af0d1c1: folds
Uncalled bet ($0.14) returned to Hero
*** SHOWDOWN ***
Hero collected $0.25 from pot
*** SUMMARY ***
Total pot $0.25 | Rake $0 | Jackpot $0 | Bingo $0 | Fortune $0 | Tax $0
Seat 2: 43d90e7 folded before Flop (didn't bet)
Seat 3: 35054fe folded before Flop (didn't bet)
Seat 4: Hero (button) collected ($0.25)
Seat 5: 1ca69707 (small blind) folded before Flop
Seat 6: 1af0d1c1 (big blind) folded before Flop


Poker Hand #HD1757016815: Hold'em No Limit ($0.05/$0.1) - 2024/05/03 16:09:01
Table 'NLHRed67' 6-max Seat #3 is the button
Seat 2: 43d90e7 ($9.64 in chips)
Seat 3: 35054fe ($10 in chips)
Seat 4: Hero ($12.11 in chips)
Seat 5: 1ca69707 ($10 in chips)
Seat 6: 1af0d1c1 ($15.56 in chips)
Hero: posts small blind $0.05
1ca69707: posts big blind $0.1
*** HOLE CARDS ***
Dealt to 43d90e7 
Dealt to 35054fe 
Dealt to Hero [Kh 3h]
Dealt to 1ca69707 
Dealt to 1af0d1c1 
1af0d1c1: folds
43d90e7: folds
35054fe: folds
Hero: folds
Uncalled bet ($0.05) returned to 1ca69707
*** SHOWDOWN ***
1ca69707 collected $0.1 from pot
*** SUMMARY ***
Total pot $0.1 | Rake $0 | Jackpot $0 | Bingo $0 | Fortune $0 | Tax $0
Seat 2: 43d90e7 folded before Flop (didn't bet)
Seat 3: 35054fe (button) folded before Flop (didn't bet)
Seat 4: Hero (small blind) folded before Flop
Seat 5: 1ca69707 (big blind) collected ($0.1)
Seat 6: 1af0d1c1 folded before Flop (didn't bet)


Poker Hand #HD1757016795: Hold'em No Limit ($0.05/$0.1) - 2024/05/03 16:08:54
Table 'NLHRed67' 6-max Seat #2 is the button
Seat 2: 43d90e7 ($9.64 in chips)
Seat 3: 35054fe ($10 in chips)
Seat 4: Hero ($12.06 in chips)
Seat 6: 1af0d1c1 ($15.56 in chips)
35054fe: posts small blind $0.05
Hero: posts big blind $0.1
*** HOLE CARDS ***
Dealt to 43d90e7 
Dealt to 35054fe 
Dealt to Hero [4c 3c]
Dealt to 1af0d1c1 
1af0d1c1: folds
43d90e7: folds
35054fe: folds
Uncalled bet ($0.05) returned to Hero
*** SHOWDOWN ***
Hero collected $0.1 from pot
*** SUMMARY ***
Total pot $0.1 | Rake $0 | Jackpot $0 | Bingo $0 | Fortune $0 | Tax $0
Seat 2: 43d90e7 (button) folded before Flop (didn't bet)
Seat 3: 35054fe (small blind) folded before Flop
Seat 4: Hero (big blind) collected ($0.1)
Seat 6: 1af0d1c1 folded before Flop (didn't bet)


Poker Hand #HD1757016743: Hold'em No Limit ($0.05/$0.1) - 2024/05/03 16:08:30
Table 'NLHRed67' 6-max Seat #6 is the button
Seat 2: 43d90e7 ($9.54 in chips)
Seat 3: 35054fe ($10 in chips)
Seat 4: Hero ($12.06 in chips)
Seat 6: 1af0d1c1 ($15.56 in chips)
43d90e7: posts small blind $0.05
35054fe: posts big blind $0.1
*** HOLE CARDS ***
Dealt to 43d90e7 
Dealt to 35054fe 
Dealt to Hero [Jc 3h]
Dealt to 1af0d1c1 
Hero: folds
1af0d1c1: folds
43d90e7: raises $0.1 to $0.2
35054fe: folds
Uncalled bet ($0.1) returned to 43d90e7
*** SHOWDOWN ***
43d90e7 collected $0.2 from pot
*** SUMMARY ***
Total pot $0.2 | Rake $0 | Jackpot $0 | Bingo $0 | Fortune $0 | Tax $0
Seat 2: 43d90e7 (small blind) collected ($0.2)
Seat 3: 35054fe (big blind) folded before Flop
Seat 4: Hero folded before Flop (didn't bet)
Seat 6: 1af0d1c1 (button) folded before Flop (didn't bet)


Poker Hand #HD1757016710: Hold'em No Limit ($0.05/$0.1) - 2024/05/03 16:08:14
Table 'NLHRed67' 6-max Seat #5 is the button
Seat 2: 43d90e7 ($9.64 in chips)
Seat 4: Hero ($11.91 in chips)
Seat 5: ee7f0507 ($6.1 in chips)
Seat 6: 1af0d1c1 ($15.61 in chips)
1af0d1c1: posts small blind $0.05
43d90e7: posts big blind $0.1
*** HOLE CARDS ***
Dealt to 43d90e7 
Dealt to Hero [Kh Ts]
Dealt to ee7f0507 
Dealt to 1af0d1c1 
Hero: raises $0.14 to $0.24
ee7f0507: folds
1af0d1c1: folds
43d90e7: folds
Uncalled bet ($0.14) returned to Hero
*** SHOWDOWN ***
Hero collected $0.25 from pot
*** SUMMARY ***
Total pot $0.25 | Rake $0 | Jackpot $0 | Bingo $0 | Fortune $0 | Tax $0
Seat 2: 43d90e7 (big blind) folded before Flop
Seat 4: Hero collected ($0.25)
Seat 5: ee7f0507 (button) folded before Flop (didn't bet)
Seat 6: 1af0d1c1 (small blind) folded before Flop


Poker Hand #HD1757016688: Hold'em No Limit ($0.05/$0.1) - 2024/05/03 16:08:06
Table 'NLHRed67' 6-max Seat #4 is the button
Seat 4: Hero ($11.91 in chips)
Seat 5: ee7f0507 ($6.15 in chips)
Seat 6: 1af0d1c1 ($15.56 in chips)
ee7f0507: posts small blind $0.05
1af0d1c1: posts big blind $0.1
*** HOLE CARDS ***
Dealt to Hero [4d Kd]
Dealt to ee7f0507 
Dealt to 1af0d1c1 
Hero: folds
ee7f0507: folds
Uncalled bet ($0.05) returned to 1af0d1c1
*** SHOWDOWN ***
1af0d1c1 collected $0.1 from pot
*** SUMMARY ***
Total pot $0.1 | Rake $0 | Jackpot $0 | Bingo $0 | Fortune $0 | Tax $0
Seat 4: Hero (button) folded before Flop (didn't bet)
Seat 5: ee7f0507 (small blind) folded before Flop
Seat 6: 1af0d1c1 (big blind) collected ($0.1)


Poker Hand #HD1757016592: Hold'em No Limit ($0.05/$0.1) - 2024/05/03 16:07:22
Table 'NLHRed67' 6-max Seat #6 is the button
Seat 4: Hero ($11.96 in chips)
Seat 5: ee7f0507 ($6.9 in chips)
Seat 6: 1af0d1c1 ($14.83 in chips)
Hero: posts small blind $0.05
ee7f0507: posts big blind $0.1
*** HOLE CARDS ***
Dealt to Hero [2s 7d]
Dealt to ee7f0507 
Dealt to 1af0d1c1 
1af0d1c1: raises $0.15 to $0.25
Hero: folds
ee7f0507: calls $0.15
*** FLOP *** [2c 7h Ts]
ee7f0507: bets $0.19
1af0d1c1: calls $0.19
*** TURN *** [2c 7h Ts] [7s]
ee7f0507: bets $0.31
1af0d1c1: raises $0.31 to $0.62
ee7f0507: folds
Uncalled bet ($0.31) returned to 1af0d1c1
*** SHOWDOWN ***
1af0d1c1 collected $1.48 from pot
*** SUMMARY ***
Total pot $1.55 | Rake $0.07 | Jackpot $0 | Bingo $0 | Fortune $0 | Tax $0
Board [2c 7h Ts 7s]
Seat 4: Hero (small blind) folded before Flop
Seat 5: ee7f0507 (big blind) folded on the Turn
Seat 6: 1af0d1c1 (button) won ($1.48)


Poker Hand #HD1757016450: Hold'em No Limit ($0.05/$0.1) - 2024/05/03 16:06:17
Table 'NLHRed67' 6-max Seat #5 is the button
Seat 1: f9bfbc74 ($10 in chips)
Seat 4: Hero ($11.96 in chips)
Seat 5: ee7f0507 ($6.9 in chips)
Seat 6: 1af0d1c1 ($14.73 in chips)
1af0d1c1: posts small blind $0.05
f9bfbc74: posts big blind $0.1
*** HOLE CARDS ***
Dealt to f9bfbc74 
Dealt to Hero [9c 4c]
Dealt to ee7f0507 
Dealt to 1af0d1c1 
Hero: folds
ee7f0507: folds
1af0d1c1: raises $0.2 to $0.3
f9bfbc74: folds
Uncalled bet ($0.2) returned to 1af0d1c1
*** SHOWDOWN ***
1af0d1c1 collected $0.2 from pot
*** SUMMARY ***
Total pot $0.2 | Rake $0 | Jackpot $0 | Bingo $0 | Fortune $0 | Tax $0
Seat 1: f9bfbc74 (big blind) folded before Flop
Seat 4: Hero folded before Flop (didn't bet)
Seat 5: ee7f0507 (button) folded before Flop (didn't bet)
Seat 6: 1af0d1c1 (small blind) collected ($0.2)


Poker Hand #HD1757016376: Hold'em No Limit ($0.05/$0.1) - 2024/05/03 16:05:49
Table 'NLHRed67' 6-max Seat #4 is the button
Seat 4: Hero ($11.96 in chips)
Seat 5: ee7f0507 ($7 in chips)
Seat 6: 1af0d1c1 ($14.63 in chips)
ee7f0507: posts small blind $0.05
1af0d1c1: posts big blind $0.1
*** HOLE CARDS ***
Dealt to Hero [4h Kd]
Dealt to ee7f0507 
Dealt to 1af0d1c1 
Hero: folds
ee7f0507: calls $0.05
1af0d1c1: raises $0.3 to $0.4
ee7f0507: folds
Uncalled bet ($0.3) returned to 1af0d1c1
*** SHOWDOWN ***
1af0d1c1 collected $0.2 from pot
*** SUMMARY ***
Total pot $0.2 | Rake $0 | Jackpot $0 | Bingo $0 | Fortune $0 | Tax $0
Seat 4: Hero (button) folded before Flop (didn't bet)
Seat 5: ee7f0507 (small blind) folded before Flop
Seat 6: 1af0d1c1 (big blind) collected ($0.2)


Poker Hand #HD1757016343: Hold'em No Limit ($0.05/$0.1) - 2024/05/03 16:05:31
Table 'NLHRed67' 6-max Seat #6 is the button
Seat 4: Hero ($12.01 in chips)
Seat 5: ee7f0507 ($7.1 in chips)
Seat 6: 1af0d1c1 ($14.48 in chips)
Hero: posts small blind $0.05
ee7f0507: posts big blind $0.1
*** HOLE CARDS ***
Dealt to Hero [4s Kc]
Dealt to ee7f0507 
Dealt to 1af0d1c1 
1af0d1c1: raises $0.15 to $0.25
Hero: folds
ee7f0507: folds
Uncalled bet ($0.15) returned to 1af0d1c1
*** SHOWDOWN ***
1af0d1c1 collected $0.25 from pot
*** SUMMARY ***
Total pot $0.25 | Rake $0 | Jackpot $0 | Bingo $0 | Fortune $0 | Tax $0
Seat 4: Hero (small blind) folded before Flop
Seat 5: ee7f0507 (big blind) folded before Flop
Seat 6: 1af0d1c1 (button) collected ($0.25)


Poker Hand #HD1757016169: Hold'em No Limit ($0.05/$0.1) - 2024/05/03 16:04:15
Table 'NLHRed67' 6-max Seat #4 is the button
Seat 1: e475fdd4 ($11.99 in chips)
Seat 4: Hero ($11.74 in chips)
Seat 5: e9b16db3 ($10.53 in chips)
Seat 6: 1af0d1c1 ($14.72 in chips)
e9b16db3: posts small blind $0.05
1af0d1c1: posts big blind $0.1
*** HOLE CARDS ***
Dealt to e475fdd4 
Dealt to Hero [Ad Js]
Dealt to e9b16db3 
Dealt to 1af0d1c1 
e475fdd4: folds
Hero: raises $0.14 to $0.24
e9b16db3: folds
1af0d1c1: calls $0.14
*** FLOP *** [Qs 9s 3h]
1af0d1c1: checks
Hero: checks
*** TURN *** [Qs 9s 3h] [5c]
1af0d1c1: checks
Hero: checks
*** RIVER *** [Qs 9s 3h 5c] [7c]
1af0d1c1: checks
Hero: checks
Hero: shows [Ad Js] (Ace-High)
1af0d1c1: shows [8h Td] (Queen-High)
*** SHOWDOWN ***
Hero collected $0.51 from pot
*** SUMMARY ***
Total pot $0.53 | Rake $0.02 | Jackpot $0 | Bingo $0 | Fortune $0 | Tax $0
Board [Qs 9s 3h 5c 7c]
Seat 1: e475fdd4 folded before Flop (didn't bet)
Seat 4: Hero (button) showed [Ad Js] and won ($0.51) with Ace-High
Seat 5: e9b16db3 (small blind) folded before Flop
Seat 6: 1af0d1c1 (big blind) showed [8h Td] and lost with Queen-High


Poker Hand #HD1757016104: Hold'em No Limit ($0.05/$0.1) - 2024/05/03 16:03:49
Table 'NLHRed67' 6-max Seat #1 is the button
Seat 1: e475fdd4 ($11.99 in chips)
Seat 4: Hero ($11.79 in chips)
Seat 5: e9b16db3 ($10.63 in chips)
Seat 6: 1af0d1c1 ($14.57 in chips)
Hero: posts small blind $0.05
e9b16db3: posts big blind $0.1
*** HOLE CARDS ***
Dealt to e475fdd4 
Dealt to Hero [9c 2s]
Dealt to e9b16db3 
Dealt to 1af0d1c1 
1af0d1c1: raises $0.12 to $0.22
e475fdd4: folds
Hero: folds
e9b16db3: folds
Uncalled bet ($0.12) returned to 1af0d1c1
*** SHOWDOWN ***
1af0d1c1 collected $0.25 from pot
*** SUMMARY ***
Total pot $0.25 | Rake $0 | Jackpot $0 | Bingo $0 | Fortune $0 | Tax $0
Seat 1: e475fdd4 (button) folded before Flop (didn't bet)
Seat 4: Hero (small blind) folded before Flop
Seat 5: e9b16db3 (big blind) folded before Flop
Seat 6: 1af0d1c1 collected ($0.25)


Poker Hand #HD1757016063: Hold'em No Limit ($0.05/$0.1) - 2024/05/03 16:03:27
Table 'NLHRed67' 6-max Seat #6 is the button
Seat 1: e475fdd4 ($11.89 in chips)
Seat 4: Hero ($11.89 in chips)
Seat 5: e9b16db3 ($10.63 in chips)
Seat 6: 1af0d1c1 ($14.57 in chips)
e475fdd4: posts small blind $0.05
Hero: posts big blind $0.1
*** HOLE CARDS ***
Dealt to e475fdd4 
Dealt to Hero [4c 9h]
Dealt to e9b16db3 
Dealt to 1af0d1c1 
e9b16db3: folds
1af0d1c1: folds
e475fdd4: raises $0.15 to $0.25
Hero: folds
Uncalled bet ($0.15) returned to e475fdd4
*** SHOWDOWN ***
e475fdd4 collected $0.2 from pot
*** SUMMARY ***
Total pot $0.2 | Rake $0 | Jackpot $0 | Bingo $0 | Fortune $0 | Tax $0
Seat 1: e475fdd4 (small blind) collected ($0.2)
Seat 4: Hero (big blind) folded before Flop
Seat 5: e9b16db3 folded before Flop (didn't bet)
Seat 6: 1af0d1c1 (button) folded before Flop (didn't bet)


Poker Hand #HD1757015853: Hold'em No Limit ($0.05/$0.1) - 2024/05/03 16:01:49
Table 'NLHRed67' 6-max Seat #5 is the button
Seat 1: e475fdd4 ($11.99 in chips)
Seat 2: 74bfc5a7 ($10 in chips)
Seat 3: a79e240c ($10.79 in chips)
Seat 4: Hero ($10 in chips)
Seat 5: e9b16db3 ($10.63 in chips)
Seat 6: 1af0d1c1 ($16.67 in chips)
1af0d1c1: posts small blind $0.05
e475fdd4: posts big blind $0.1
*** HOLE CARDS ***
Dealt to e475fdd4 
Dealt to 74bfc5a7 
Dealt to a79e240c 
Dealt to Hero [8c 8s]
Dealt to e9b16db3 
Dealt to 1af0d1c1 
74bfc5a7: folds
a79e240c: folds
Hero: raises $0.14 to $0.24
e9b16db3: folds
1af0d1c1: raises $0.86 to $1.1
e475fdd4: folds
Hero: calls $0.86
*** FLOP *** [3s 7c Ks]
1af0d1c1: checks
Hero: checks
*** TURN *** [3s 7c Ks] [2d]
1af0d1c1: bets $1
Hero: calls $1
*** RIVER *** [3s 7c Ks 2d] [3h]
1af0d1c1: checks
Hero: checks
1af0d1c1: shows [Ah Qd] (Pair of Treys)
Hero: shows [8c 8s] (Pair of Eights and Pair of Treys)
*** SHOWDOWN ***
Hero collected $3.99 from pot
*** SUMMARY ***
Total pot $4.3 | Rake $0.21 | Jackpot $0.1 | Bingo $0 | Fortune $0 | Tax $0
Board [3s 7c Ks 2d 3h]
Seat 1: e475fdd4 (big blind) folded before Flop
Seat 2: 74bfc5a7 folded before Flop (didn't bet)
Seat 3: a79e240c folded before Flop (didn't bet)
Seat 4: Hero showed [8c 8s] and won ($3.99) with Pair of Eights and Pair of Treys
Seat 5: e9b16db3 (button) folded before Flop (didn't bet)
Seat 6: 1af0d1c1 (small blind) showed [Ah Qd] and lost with Pair of Treys


Poker Hand #HD1757015812: Hold'em No Limit ($0.05/$0.1) - 2024/05/03 16:01:29
Table 'NLHRed67' 6-max Seat #4 is the button
Seat 1: e475fdd4 ($11.67 in chips)
Seat 2: 74bfc5a7 ($10 in chips)
Seat 3: a79e240c ($10.79 in chips)
Seat 4: Hero ($10 in chips)
Seat 5: e9b16db3 ($10.88 in chips)
Seat 6: 1af0d1c1 ($16.77 in chips)
e9b16db3: posts small blind $0.05
1af0d1c1: posts big blind $0.1
*** HOLE CARDS ***
Dealt to e475fdd4 
Dealt to 74bfc5a7 
Dealt to a79e240c 
Dealt to Hero [6c 9h]
Dealt to e9b16db3 
Dealt to 1af0d1c1 
e475fdd4: raises $0.15 to $0.25
74bfc5a7: folds
a79e240c: folds
Hero: folds
e9b16db3: calls $0.2
1af0d1c1: folds
*** FLOP *** [Jc 9c 5c]
e9b16db3: checks
e475fdd4: bets $0.3
e9b16db3: folds
Uncalled bet ($0.3) returned to e475fdd4
*** SHOWDOWN ***
e475fdd4 collected $0.57 from pot
*** SUMMARY ***
Total pot $0.6 | Rake $0.03 | Jackpot $0 | Bingo $0 | Fortune $0 | Tax $0
Board [Jc 9c 5c]
Seat 1: e475fdd4 won ($0.57)
Seat 2: 74bfc5a7 folded before Flop (didn't bet)
Seat 3: a79e240c folded before Flop (didn't bet)
Seat 4: Hero (button) folded before Flop (didn't bet)
Seat 5: e9b16db3 (small blind) folded on the Flop
Seat 6: 1af0d1c1 (big blind) folded before Flop


Poker Hand #HD1757015699: Hold'em No Limit ($0.05/$0.1) - 2024/05/03 16:00:41
Table 'NLHRed67' 6-max Seat #3 is the button
Seat 1: e475fdd4 ($11.44 in chips)
Seat 2: 74bfc5a7 ($10 in chips)
Seat 3: a79e240c ($10.79 in chips)
Seat 4: Hero ($10 in chips)
Seat 5: e9b16db3 ($11.08 in chips)
Seat 6: 1af0d1c1 ($16.77 in chips)
Hero: posts small blind $0.05
e9b16db3: posts big blind $0.1
*** HOLE CARDS ***
Dealt to e475fdd4 
Dealt to 74bfc5a7 
Dealt to a79e240c 
Dealt to Hero [9h 4s]
Dealt to e9b16db3 
Dealt to 1af0d1c1 
1af0d1c1: folds
e475fdd4: raises $0.1 to $0.2
74bfc5a7: folds
a79e240c: folds
Hero: folds
e9b16db3: calls $0.1
*** FLOP *** [4d Td Ad]
e9b16db3: checks
e475fdd4: checks
*** TURN *** [4d Td Ad] [7c]
e9b16db3: checks
e475fdd4: checks
*** RIVER *** [4d Td Ad 7c] [5h]
e9b16db3: checks
e475fdd4: bets $0.23
e9b16db3: folds
Uncalled bet ($0.23) returned to e475fdd4
*** SHOWDOWN ***
e475fdd4 collected $0.43 from pot
*** SUMMARY ***
Total pot $0.45 | Rake $0.02 | Jackpot $0 | Bingo $0 | Fortune $0 | Tax $0
Board [4d Td Ad 7c 5h]
Seat 1: e475fdd4 won ($0.43)
Seat 2: 74bfc5a7 folded before Flop (didn't bet)
Seat 3: a79e240c (button) folded before Flop (didn't bet)
Seat 4: Hero (small blind) folded before Flop
Seat 5: e9b16db3 (big blind) folded on the River
Seat 6: 1af0d1c1 folded before Flop (didn't bet)


Poker Hand #HD1757015667: Hold'em No Limit ($0.05/$0.1) - 2024/05/03 16:00:29
Table 'NLHRed67' 6-max Seat #2 is the button
Seat 1: e475fdd4 ($11.44 in chips)
Seat 2: 74bfc5a7 ($10 in chips)
Seat 3: a79e240c ($10.84 in chips)
Seat 4: Hero ($10 in chips)
Seat 5: e9b16db3 ($10.93 in chips)
Seat 6: 1af0d1c1 ($16.77 in chips)
a79e240c: posts small blind $0.05
Hero: posts big blind $0.1
*** HOLE CARDS ***
Dealt to e475fdd4 
Dealt to 74bfc5a7 
Dealt to a79e240c 
Dealt to Hero [3d Td]
Dealt to e9b16db3 
Dealt to 1af0d1c1 
e9b16db3: raises $0.11 to $0.21
1af0d1c1: folds
e475fdd4: folds
74bfc5a7: folds
a79e240c: folds
Hero: folds
Uncalled bet ($0.11) returned to e9b16db3
*** SHOWDOWN ***
e9b16db3 collected $0.25 from pot
*** SUMMARY ***
Total pot $0.25 | Rake $0 | Jackpot $0 | Bingo $0 | Fortune $0 | Tax $0
Seat 1: e475fdd4 folded before Flop (didn't bet)
Seat 2: 74bfc5a7 (button) folded before Flop (didn't bet)
Seat 3: a79e240c (small blind) folded before Flop
Seat 4: Hero (big blind) folded before Flop
Seat 5: e9b16db3 collected ($0.25)
Seat 6: 1af0d1c1 folded before Flop (didn't bet)


