Poker Hand #HD1724723243: Hold'em No Limit ($0.02/$0.05) - 2024/04/10 22:03:49
Table 'NLHBlue18' 6-max Seat #2 is the button
Seat 1: 5d7c29bf ($1.72 in chips)
Seat 2: 7de3d498 ($5.6 in chips)
Seat 3: 8d9b40ec ($11.68 in chips)
Seat 4: Hero ($5 in chips)
Seat 5: c492c028 ($2.3 in chips)
8d9b40ec: posts small blind $0.02
Hero: posts big blind $0.05
*** HOLE CARDS ***
Dealt to 5d7c29bf 
Dealt to 7de3d498 
Dealt to 8d9b40ec 
Dealt to Hero [Td 7d]
Dealt to c492c028 
c492c028: folds
5d7c29bf: folds
7de3d498: raises $0.08 to $0.13
8d9b40ec: folds
Hero: calls $0.08
*** FLOP *** [Tc 3s Js]
Hero: checks
7de3d498: bets $0.1
Hero: calls $0.1
*** TURN *** [Tc 3s Js] [Qh]
Hero: checks
7de3d498: bets $0.5
Hero: folds
Uncalled bet ($0.5) returned to 7de3d498
*** SHOWDOWN ***
7de3d498 collected $0.46 from pot
*** SUMMARY ***
Total pot $0.48 | Rake $0.02 | Jackpot $0 | Bingo $0 | Fortune $0 | Tax $0
Board [Tc 3s Js Qh]
Seat 1: 5d7c29bf folded before Flop (didn't bet)
Seat 2: 7de3d498 (button) won ($0.46)
Seat 3: 8d9b40ec (small blind) folded before Flop
Seat 4: Hero (big blind) folded on the Turn
Seat 5: c492c028 folded before Flop (didn't bet)


Poker Hand #HD1724723155: Hold'em No Limit ($0.02/$0.05) - 2024/04/10 22:02:57
Table 'NLHBlue18' 6-max Seat #1 is the button
Seat 1: 5d7c29bf ($1.72 in chips)
Seat 2: 7de3d498 ($5.36 in chips)
Seat 3: 8d9b40ec ($11.94 in chips)
Seat 4: Hero ($5 in chips)
Seat 5: c492c028 ($2.3 in chips)
7de3d498: posts small blind $0.02
8d9b40ec: posts big blind $0.05
*** HOLE CARDS ***
Dealt to 5d7c29bf 
Dealt to 7de3d498 
Dealt to 8d9b40ec 
Dealt to Hero [6h Ts]
Dealt to c492c028 
Hero: folds
c492c028: folds
5d7c29bf: folds
7de3d498: raises $0.08 to $0.13
8d9b40ec: calls $0.08
*** FLOP *** [4c Qh 7s]
7de3d498: bets $0.13
8d9b40ec: calls $0.13
*** TURN *** [4c Qh 7s] [Kh]
7de3d498: bets $0.4
8d9b40ec: folds
Uncalled bet ($0.4) returned to 7de3d498
*** SHOWDOWN ***
7de3d498 collected $0.5 from pot
*** SUMMARY ***
Total pot $0.52 | Rake $0.02 | Jackpot $0 | Bingo $0 | Fortune $0 | Tax $0
Board [4c Qh 7s Kh]
Seat 1: 5d7c29bf (button) folded before Flop (didn't bet)
Seat 2: 7de3d498 (small blind) won ($0.5)
Seat 3: 8d9b40ec (big blind) folded on the Turn
Seat 4: Hero folded before Flop (didn't bet)
Seat 5: c492c028 folded before Flop (didn't bet)


Poker Hand #HD1724723099: Hold'em No Limit ($0.02/$0.05) - 2024/04/10 22:02:29
Table 'NLHBlue18' 6-max Seat #5 is the button
Seat 1: 5d7c29bf ($1.67 in chips)
Seat 2: 7de3d498 ($5.41 in chips)
Seat 3: 8d9b40ec ($11.94 in chips)
Seat 4: Hero ($5 in chips)
Seat 5: c492c028 ($2.3 in chips)
5d7c29bf: posts small blind $0.02
7de3d498: posts big blind $0.05
*** HOLE CARDS ***
Dealt to 5d7c29bf 
Dealt to 7de3d498 
Dealt to 8d9b40ec 
Dealt to Hero [2s 4h]
Dealt to c492c028 
8d9b40ec: folds
Hero: folds
c492c028: folds
5d7c29bf: calls $0.03
7de3d498: checks
*** FLOP *** [3d 8d 5c]
5d7c29bf: bets $0.05
7de3d498: folds
Uncalled bet ($0.05) returned to 5d7c29bf
*** SHOWDOWN ***
5d7c29bf collected $0.1 from pot
*** SUMMARY ***
Total pot $0.1 | Rake $0 | Jackpot $0 | Bingo $0 | Fortune $0 | Tax $0
Board [3d 8d 5c]
Seat 1: 5d7c29bf (small blind) won ($0.1)
Seat 2: 7de3d498 (big blind) folded on the Flop
Seat 3: 8d9b40ec folded before Flop (didn't bet)
Seat 4: Hero folded before Flop (didn't bet)
Seat 5: c492c028 (button) folded before Flop (didn't bet)


Poker Hand #HD1724723035: Hold'em No Limit ($0.02/$0.05) - 2024/04/10 22:01:49
Table 'NLHBlue18' 6-max Seat #4 is the button
Seat 1: 5d7c29bf ($1.82 in chips)
Seat 2: 7de3d498 ($5.41 in chips)
Seat 3: 8d9b40ec ($11.52 in chips)
Seat 4: Hero ($5 in chips)
Seat 5: c492c028 ($2.45 in chips)
c492c028: posts small blind $0.02
5d7c29bf: posts big blind $0.05
*** HOLE CARDS ***
Dealt to 5d7c29bf 
Dealt to 7de3d498 
Dealt to 8d9b40ec 
Dealt to Hero [Js Kh]
Dealt to c492c028 
7de3d498: folds
8d9b40ec: calls $0.05
Hero: raises $0.1 to $0.15
c492c028: calls $0.13
5d7c29bf: calls $0.1
8d9b40ec: calls $0.1
*** FLOP *** [7s 9d 7h]
c492c028: checks
5d7c29bf: checks
8d9b40ec: bets $0.3
Hero: folds
c492c028: folds
5d7c29bf: folds
Uncalled bet ($0.3) returned to 8d9b40ec
*** SHOWDOWN ***
8d9b40ec collected $0.57 from pot
*** SUMMARY ***
Total pot $0.6 | Rake $0.03 | Jackpot $0 | Bingo $0 | Fortune $0 | Tax $0
Board [7s 9d 7h]
Seat 1: 5d7c29bf (big blind) folded on the Flop
Seat 2: 7de3d498 folded before Flop (didn't bet)
Seat 3: 8d9b40ec won ($0.57)
Seat 4: Hero (button) folded on the Flop
Seat 5: c492c028 (small blind) folded on the Flop


Poker Hand #HD1724722963: Hold'em No Limit ($0.02/$0.05) - 2024/04/10 22:01:07
Table 'NLHBlue18' 6-max Seat #3 is the button
Seat 1: 5d7c29bf ($1.82 in chips)
Seat 2: 7de3d498 ($5.41 in chips)
Seat 3: 8d9b40ec ($11.52 in chips)
Seat 4: Hero ($5 in chips)
Seat 5: c492c028 ($2.31 in chips)
Seat 6: ea43cfb3 ($6.27 in chips)
Hero: posts small blind $0.02
c492c028: posts big blind $0.05
*** HOLE CARDS ***
Dealt to 5d7c29bf 
Dealt to 7de3d498 
Dealt to 8d9b40ec 
Dealt to Hero [Kd Ts]
Dealt to c492c028 
Dealt to ea43cfb3 
ea43cfb3: folds
5d7c29bf: folds
7de3d498: folds
8d9b40ec: folds
Hero: raises $0.1 to $0.15
c492c028: calls $0.1
*** FLOP *** [7d 8h Ac]
Hero: checks
c492c028: bets $0.15
Hero: folds
Uncalled bet ($0.15) returned to c492c028
*** SHOWDOWN ***
c492c028 collected $0.29 from pot
*** SUMMARY ***
Total pot $0.3 | Rake $0.01 | Jackpot $0 | Bingo $0 | Fortune $0 | Tax $0
Board [7d 8h Ac]
Seat 1: 5d7c29bf folded before Flop (didn't bet)
Seat 2: 7de3d498 folded before Flop (didn't bet)
Seat 3: 8d9b40ec (button) folded before Flop (didn't bet)
Seat 4: Hero (small blind) folded on the Flop
Seat 5: c492c028 (big blind) won ($0.29)
Seat 6: ea43cfb3 folded before Flop (didn't bet)


Poker Hand #HD1724722908: Hold'em No Limit ($0.02/$0.05) - 2024/04/10 22:00:37
Table 'NLHBlue18' 6-max Seat #2 is the button
Seat 1: 5d7c29bf ($1.55 in chips)
Seat 2: 7de3d498 ($5.41 in chips)
Seat 3: 8d9b40ec ($11.72 in chips)
Seat 4: Hero ($5 in chips)
Seat 5: c492c028 ($2.31 in chips)
Seat 6: ea43cfb3 ($6.27 in chips)
8d9b40ec: posts small blind $0.02
Hero: posts big blind $0.05
*** HOLE CARDS ***
Dealt to 5d7c29bf 
Dealt to 7de3d498 
Dealt to 8d9b40ec 
Dealt to Hero [3c 3d]
Dealt to c492c028 
Dealt to ea43cfb3 
c492c028: folds
ea43cfb3: folds
5d7c29bf: raises $0.05 to $0.1
7de3d498: folds
8d9b40ec: calls $0.08
Hero: calls $0.05
*** FLOP *** [6s Ad Kd]
8d9b40ec: bets $0.1
Hero: folds
5d7c29bf: raises $0.26 to $0.36
8d9b40ec: folds
Uncalled bet ($0.26) returned to 5d7c29bf
5d7c29bf: shows [Ah]
*** SHOWDOWN ***
5d7c29bf collected $0.47 from pot
*** SUMMARY ***
Total pot $0.5 | Rake $0.03 | Jackpot $0 | Bingo $0 | Fortune $0 | Tax $0
Board [6s Ad Kd]
Seat 1: 5d7c29bf showed [Ah] and won ($0.47)
Seat 2: 7de3d498 (button) folded before Flop (didn't bet)
Seat 3: 8d9b40ec (small blind) folded on the Flop
Seat 4: Hero (big blind) folded on the Flop
Seat 5: c492c028 folded before Flop (didn't bet)
Seat 6: ea43cfb3 folded before Flop (didn't bet)


Poker Hand #HD1724722836: Hold'em No Limit ($0.02/$0.05) - 2024/04/10 21:59:57
Table 'NLHBlue18' 6-max Seat #1 is the button
Seat 1: 5d7c29bf ($1.14 in chips)
Seat 2: 7de3d498 ($5.43 in chips)
Seat 3: 8d9b40ec ($11.93 in chips)
Seat 4: Hero ($5 in chips)
Seat 5: c492c028 ($2.52 in chips)
Seat 6: ea43cfb3 ($6.27 in chips)
7de3d498: posts small blind $0.02
8d9b40ec: posts big blind $0.05
*** HOLE CARDS ***
Dealt to 5d7c29bf 
Dealt to 7de3d498 
Dealt to 8d9b40ec 
Dealt to Hero [6d Jd]
Dealt to c492c028 
Dealt to ea43cfb3 
Hero: folds
c492c028: calls $0.05
ea43cfb3: folds
5d7c29bf: raises $0.05 to $0.1
7de3d498: folds
8d9b40ec: calls $0.05
c492c028: calls $0.05
*** FLOP *** [2d 3s 5h]
8d9b40ec: bets $0.11
c492c028: calls $0.11
5d7c29bf: calls $0.11
*** TURN *** [2d 3s 5h] [7d]
8d9b40ec: checks
c492c028: checks
5d7c29bf: bets $0.34
8d9b40ec: folds
c492c028: folds
Uncalled bet ($0.34) returned to 5d7c29bf
*** SHOWDOWN ***
5d7c29bf collected $0.62 from pot
*** SUMMARY ***
Total pot $0.65 | Rake $0.03 | Jackpot $0 | Bingo $0 | Fortune $0 | Tax $0
Board [2d 3s 5h 7d]
Seat 1: 5d7c29bf (button) won ($0.62)
Seat 2: 7de3d498 (small blind) folded before Flop
Seat 3: 8d9b40ec (big blind) folded on the Turn
Seat 4: Hero folded before Flop (didn't bet)
Seat 5: c492c028 folded on the Turn
Seat 6: ea43cfb3 folded before Flop (didn't bet)


Poker Hand #HD1724722734: Hold'em No Limit ($0.02/$0.05) - 2024/04/10 21:59:01
Table 'NLHBlue18' 6-max Seat #6 is the button
Seat 1: 5d7c29bf ($1.34 in chips)
Seat 2: 7de3d498 ($5.25 in chips)
Seat 3: 8d9b40ec ($11.93 in chips)
Seat 4: Hero ($5 in chips)
Seat 5: c492c028 ($2.52 in chips)
Seat 6: ea43cfb3 ($6.27 in chips)
5d7c29bf: posts small blind $0.02
7de3d498: posts big blind $0.05
*** HOLE CARDS ***
Dealt to 5d7c29bf 
Dealt to 7de3d498 
Dealt to 8d9b40ec 
Dealt to Hero [7d Ts]
Dealt to c492c028 
Dealt to ea43cfb3 
8d9b40ec: folds
Hero: folds
c492c028: folds
ea43cfb3: folds
5d7c29bf: calls $0.03
7de3d498: raises $0.15 to $0.2
5d7c29bf: calls $0.15
*** FLOP *** [2s Jh Qd]
5d7c29bf: checks
7de3d498: checks
*** TURN *** [2s Jh Qd] [Kd]
5d7c29bf: checks
7de3d498: bets $0.25
5d7c29bf: folds
Uncalled bet ($0.25) returned to 7de3d498
*** SHOWDOWN ***
7de3d498 collected $0.38 from pot
*** SUMMARY ***
Total pot $0.4 | Rake $0.02 | Jackpot $0 | Bingo $0 | Fortune $0 | Tax $0
Board [2s Jh Qd Kd]
Seat 1: 5d7c29bf (small blind) folded on the Turn
Seat 2: 7de3d498 (big blind) won ($0.38)
Seat 3: 8d9b40ec folded before Flop (didn't bet)
Seat 4: Hero folded before Flop (didn't bet)
Seat 5: c492c028 folded before Flop (didn't bet)
Seat 6: ea43cfb3 (button) folded before Flop (didn't bet)


Poker Hand #HD1724722671: Hold'em No Limit ($0.02/$0.05) - 2024/04/10 21:58:29
Table 'NLHBlue18' 6-max Seat #5 is the button
Seat 1: 5d7c29bf ($1.19 in chips)
Seat 2: 7de3d498 ($5.25 in chips)
Seat 3: 8d9b40ec ($12.08 in chips)
Seat 4: Hero ($5 in chips)
Seat 5: c492c028 ($2.52 in chips)
Seat 6: ea43cfb3 ($6.29 in chips)
ea43cfb3: posts small blind $0.02
5d7c29bf: posts big blind $0.05
*** HOLE CARDS ***
Dealt to 5d7c29bf 
Dealt to 7de3d498 
Dealt to 8d9b40ec 
Dealt to Hero [6h 3d]
Dealt to c492c028 
Dealt to ea43cfb3 
7de3d498: folds
8d9b40ec: raises $0.1 to $0.15
Hero: folds
c492c028: folds
ea43cfb3: folds
5d7c29bf: calls $0.1
*** FLOP *** [3h Kc 9d]
5d7c29bf: bets $0.16
8d9b40ec: folds
Uncalled bet ($0.16) returned to 5d7c29bf
*** SHOWDOWN ***
5d7c29bf collected $0.3 from pot
*** SUMMARY ***
Total pot $0.32 | Rake $0.02 | Jackpot $0 | Bingo $0 | Fortune $0 | Tax $0
Board [3h Kc 9d]
Seat 1: 5d7c29bf (big blind) won ($0.3)
Seat 2: 7de3d498 folded before Flop (didn't bet)
Seat 3: 8d9b40ec folded on the Flop
Seat 4: Hero folded before Flop (didn't bet)
Seat 5: c492c028 (button) folded before Flop (didn't bet)
Seat 6: ea43cfb3 (small blind) folded before Flop


Poker Hand #HD1724722481: Hold'em No Limit ($0.02/$0.05) - 2024/04/10 21:56:55
Table 'NLHBlue18' 6-max Seat #4 is the button
Seat 2: 7de3d498 ($6.36 in chips)
Seat 3: 8d9b40ec ($12.08 in chips)
Seat 4: Hero ($5 in chips)
Seat 5: c492c028 ($2.54 in chips)
Seat 6: ea43cfb3 ($5.32 in chips)
c492c028: posts small blind $0.02
ea43cfb3: posts big blind $0.05
*** HOLE CARDS ***
Dealt to 7de3d498 
Dealt to 8d9b40ec 
Dealt to Hero [5d Js]
Dealt to c492c028 
Dealt to ea43cfb3 
7de3d498: raises $0.08 to $0.13
8d9b40ec: folds
Hero: folds
c492c028: folds
ea43cfb3: raises $0.42 to $0.55
7de3d498: calls $0.42
*** FLOP *** [Qd 6s 2s]
ea43cfb3: checks
7de3d498: checks
*** TURN *** [Qd 6s 2s] [Jh]
ea43cfb3: checks
7de3d498: bets $0.56
ea43cfb3: calls $0.56
*** RIVER *** [Qd 6s 2s Jh] [Tc]
ea43cfb3: bets $4.21 and is all-in
7de3d498: folds
Uncalled bet ($4.21) returned to ea43cfb3
*** SHOWDOWN ***
ea43cfb3 collected $2.08 from pot
*** SUMMARY ***
Total pot $2.24 | Rake $0.11 | Jackpot $0.05 | Bingo $0 | Fortune $0 | Tax $0
Board [Qd 6s 2s Jh Tc]
Seat 2: 7de3d498 folded on the River
Seat 3: 8d9b40ec folded before Flop (didn't bet)
Seat 4: Hero (button) folded before Flop (didn't bet)
Seat 5: c492c028 (small blind) folded before Flop
Seat 6: ea43cfb3 (big blind) won ($2.08)


Poker Hand #HD1724722431: Hold'em No Limit ($0.02/$0.05) - 2024/04/10 21:56:34
Table 'NLHBlue18' 6-max Seat #3 is the button
Seat 2: 7de3d498 ($6.29 in chips)
Seat 3: 8d9b40ec ($12.08 in chips)
Seat 4: Hero ($5 in chips)
Seat 5: c492c028 ($2.59 in chips)
Seat 6: ea43cfb3 ($5.32 in chips)
Hero: posts small blind $0.02
c492c028: posts big blind $0.05
*** HOLE CARDS ***
Dealt to 7de3d498 
Dealt to 8d9b40ec 
Dealt to Hero [Tc 9h]
Dealt to c492c028 
Dealt to ea43cfb3 
ea43cfb3: folds
7de3d498: raises $0.08 to $0.13
8d9b40ec: folds
Hero: folds
c492c028: folds
Uncalled bet ($0.08) returned to 7de3d498
*** SHOWDOWN ***
7de3d498 collected $0.12 from pot
*** SUMMARY ***
Total pot $0.12 | Rake $0 | Jackpot $0 | Bingo $0 | Fortune $0 | Tax $0
Seat 2: 7de3d498 collected ($0.12)
Seat 3: 8d9b40ec (button) folded before Flop (didn't bet)
Seat 4: Hero (small blind) folded before Flop
Seat 5: c492c028 (big blind) folded before Flop
Seat 6: ea43cfb3 folded before Flop (didn't bet)


Poker Hand #HD1724722329: Hold'em No Limit ($0.02/$0.05) - 2024/04/10 21:55:45
Table 'NLHBlue18' 6-max Seat #2 is the button
Seat 2: 7de3d498 ($6.29 in chips)
Seat 3: 8d9b40ec ($11.72 in chips)
Seat 4: Hero ($5.02 in chips)
Seat 5: c492c028 ($2.93 in chips)
Seat 6: ea43cfb3 ($5.32 in chips)
8d9b40ec: posts small blind $0.02
Hero: posts big blind $0.05
*** HOLE CARDS ***
Dealt to 7de3d498 
Dealt to 8d9b40ec 
Dealt to Hero [8c Ac]
Dealt to c492c028 
Dealt to ea43cfb3 
c492c028: calls $0.05
ea43cfb3: folds
7de3d498: folds
8d9b40ec: raises $0.05 to $0.1
Hero: folds
c492c028: calls $0.05
*** FLOP *** [Ks 8d 4d]
8d9b40ec: bets $0.09
c492c028: calls $0.09
*** TURN *** [Ks 8d 4d] [2d]
8d9b40ec: bets $0.15
c492c028: calls $0.15
*** RIVER *** [Ks 8d 4d 2d] [Qc]
8d9b40ec: checks
c492c028: checks
8d9b40ec: shows [Kd 2h] (Pair of Kings and Pair of Twos)
c492c028: shows [8s Ad] (Pair of Eights)
*** SHOWDOWN ***
8d9b40ec collected $0.7 from pot
*** SUMMARY ***
Total pot $0.73 | Rake $0.03 | Jackpot $0 | Bingo $0 | Fortune $0 | Tax $0
Board [Ks 8d 4d 2d Qc]
Seat 2: 7de3d498 (button) folded before Flop (didn't bet)
Seat 3: 8d9b40ec (small blind) showed [Kd 2h] and won ($0.7) with Pair of Kings and Pair of Twos
Seat 4: Hero (big blind) folded before Flop
Seat 5: c492c028 showed [8s Ad] and lost with Pair of Eights
Seat 6: ea43cfb3 folded before Flop (didn't bet)


Poker Hand #HD1724722303: Hold'em No Limit ($0.02/$0.05) - 2024/04/10 21:55:32
Table 'NLHBlue18' 6-max Seat #6 is the button
Seat 2: 7de3d498 ($6.31 in chips)
Seat 3: 8d9b40ec ($11.65 in chips)
Seat 4: Hero ($5.02 in chips)
Seat 5: c492c028 ($2.98 in chips)
Seat 6: ea43cfb3 ($5.32 in chips)
7de3d498: posts small blind $0.02
8d9b40ec: posts big blind $0.05
*** HOLE CARDS ***
Dealt to 7de3d498 
Dealt to 8d9b40ec 
Dealt to Hero [Kd 3d]
Dealt to c492c028 
Dealt to ea43cfb3 
Hero: folds
c492c028: calls $0.05
ea43cfb3: folds
7de3d498: folds
8d9b40ec: checks
*** FLOP *** [Td 8d Kc]
8d9b40ec: bets $0.05
c492c028: folds
Uncalled bet ($0.05) returned to 8d9b40ec
*** SHOWDOWN ***
8d9b40ec collected $0.12 from pot
*** SUMMARY ***
Total pot $0.12 | Rake $0 | Jackpot $0 | Bingo $0 | Fortune $0 | Tax $0
Board [Td 8d Kc]
Seat 2: 7de3d498 (small blind) folded before Flop
Seat 3: 8d9b40ec (big blind) won ($0.12)
Seat 4: Hero folded before Flop (didn't bet)
Seat 5: c492c028 folded on the Flop
Seat 6: ea43cfb3 (button) folded before Flop (didn't bet)


Poker Hand #HD1724722223: Hold'em No Limit ($0.02/$0.05) - 2024/04/10 21:54:50
Table 'NLHBlue18' 6-max Seat #5 is the button
Seat 2: 7de3d498 ($6.24 in chips)
Seat 3: 8d9b40ec ($11.65 in chips)
Seat 4: Hero ($5.02 in chips)
Seat 5: c492c028 ($3.03 in chips)
Seat 6: ea43cfb3 ($5.34 in chips)
ea43cfb3: posts small blind $0.02
7de3d498: posts big blind $0.05
*** HOLE CARDS ***
Dealt to 7de3d498 
Dealt to 8d9b40ec 
Dealt to Hero [7h 6c]
Dealt to c492c028 
Dealt to ea43cfb3 
8d9b40ec: folds
Hero: folds
c492c028: calls $0.05
ea43cfb3: folds
7de3d498: checks
*** FLOP *** [8s 4d 3s]
7de3d498: checks
c492c028: checks
*** TURN *** [8s 4d 3s] [2s]
7de3d498: checks
c492c028: checks
*** RIVER *** [8s 4d 3s 2s] [Jd]
7de3d498: checks
c492c028: checks
7de3d498: shows [2c 9c] (Pair of Twos)
c492c028: shows [6d Ah] (Ace-High)
*** SHOWDOWN ***
7de3d498 collected $0.12 from pot
*** SUMMARY ***
Total pot $0.12 | Rake $0 | Jackpot $0 | Bingo $0 | Fortune $0 | Tax $0
Board [8s 4d 3s 2s Jd]
Seat 2: 7de3d498 (big blind) showed [2c 9c] and won ($0.12) with Pair of Twos
Seat 3: 8d9b40ec folded before Flop (didn't bet)
Seat 4: Hero folded before Flop (didn't bet)
Seat 5: c492c028 (button) showed [6d Ah] and lost with Ace-High
Seat 6: ea43cfb3 (small blind) folded before Flop


Poker Hand #HD1724722181: Hold'em No Limit ($0.02/$0.05) - 2024/04/10 21:54:27
Table 'NLHBlue18' 6-max Seat #4 is the button
Seat 2: 7de3d498 ($6.37 in chips)
Seat 3: 8d9b40ec ($11.86 in chips)
Seat 4: Hero ($5.02 in chips)
Seat 5: c492c028 ($3.05 in chips)
Seat 6: ea43cfb3 ($5 in chips)
c492c028: posts small blind $0.02
ea43cfb3: posts big blind $0.05
*** HOLE CARDS ***
Dealt to 7de3d498 
Dealt to 8d9b40ec 
Dealt to Hero [8h 3c]
Dealt to c492c028 
Dealt to ea43cfb3 
7de3d498: raises $0.08 to $0.13
8d9b40ec: raises $0.08 to $0.21
Hero: folds
c492c028: folds
ea43cfb3: raises $0.39 to $0.6
7de3d498: folds
8d9b40ec: folds
Uncalled bet ($0.39) returned to ea43cfb3
ea43cfb3: shows [Ah Td]
*** SHOWDOWN ***
ea43cfb3 collected $0.55 from pot
*** SUMMARY ***
Total pot $0.57 | Rake $0.02 | Jackpot $0 | Bingo $0 | Fortune $0 | Tax $0
Seat 2: 7de3d498 folded before Flop
Seat 3: 8d9b40ec folded before Flop
Seat 4: Hero (button) folded before Flop (didn't bet)
Seat 5: c492c028 (small blind) folded before Flop
Seat 6: ea43cfb3 (big blind) showed [Ah Td] and collected ($0.55)


Poker Hand #HD1724722155: Hold'em No Limit ($0.02/$0.05) - 2024/04/10 21:54:15
Table 'NLHBlue18' 6-max Seat #3 is the button
Seat 2: 7de3d498 ($6.37 in chips)
Seat 3: 8d9b40ec ($11.79 in chips)
Seat 4: Hero ($5.04 in chips)
Seat 5: c492c028 ($3.1 in chips)
Seat 6: ea43cfb3 ($5 in chips)
Hero: posts small blind $0.02
c492c028: posts big blind $0.05
*** HOLE CARDS ***
Dealt to 7de3d498 
Dealt to 8d9b40ec 
Dealt to Hero [7c 3c]
Dealt to c492c028 
Dealt to ea43cfb3 
ea43cfb3: folds
7de3d498: folds
8d9b40ec: raises $0.1 to $0.15
Hero: folds
c492c028: folds
Uncalled bet ($0.1) returned to 8d9b40ec
*** SHOWDOWN ***
8d9b40ec collected $0.12 from pot
*** SUMMARY ***
Total pot $0.12 | Rake $0 | Jackpot $0 | Bingo $0 | Fortune $0 | Tax $0
Seat 2: 7de3d498 folded before Flop (didn't bet)
Seat 3: 8d9b40ec (button) collected ($0.12)
Seat 4: Hero (small blind) folded before Flop
Seat 5: c492c028 (big blind) folded before Flop
Seat 6: ea43cfb3 folded before Flop (didn't bet)


Poker Hand #HD1724722056: Hold'em No Limit ($0.02/$0.05) - 2024/04/10 21:53:24
Table 'NLHBlue18' 6-max Seat #2 is the button
Seat 2: 7de3d498 ($5.12 in chips)
Seat 3: 8d9b40ec ($13.12 in chips)
Seat 4: Hero ($5.09 in chips)
Seat 5: c492c028 ($3.15 in chips)
Seat 6: ea43cfb3 ($5 in chips)
8d9b40ec: posts small blind $0.02
Hero: posts big blind $0.05
*** HOLE CARDS ***
Dealt to 7de3d498 
Dealt to 8d9b40ec 
Dealt to Hero [9h Qd]
Dealt to c492c028 
Dealt to ea43cfb3 
c492c028: calls $0.05
ea43cfb3: folds
7de3d498: raises $0.2 to $0.25
8d9b40ec: calls $0.23
Hero: folds
c492c028: folds
*** FLOP *** [Td 4d 8d]
8d9b40ec: bets $0.2
7de3d498: calls $0.2
*** TURN *** [Td 4d 8d] [2h]
8d9b40ec: bets $0.33
7de3d498: calls $0.33
*** RIVER *** [Td 4d 8d 2h] [6h]
8d9b40ec: bets $0.55
7de3d498: calls $0.55
8d9b40ec: shows [Ah Js] (Ace-High)
7de3d498: shows [Jh Th] (Pair of Tens)
*** SHOWDOWN ***
7de3d498 collected $2.58 from pot
*** SUMMARY ***
Total pot $2.76 | Rake $0.13 | Jackpot $0.05 | Bingo $0 | Fortune $0 | Tax $0
Board [Td 4d 8d 2h 6h]
Seat 2: 7de3d498 (button) showed [Jh Th] and won ($2.58) with Pair of Tens
Seat 3: 8d9b40ec (small blind) showed [Ah Js] and lost with Ace-High
Seat 4: Hero (big blind) folded before Flop
Seat 5: c492c028 folded before Flop
Seat 6: ea43cfb3 folded before Flop (didn't bet)


Poker Hand #HD1724722032: Hold'em No Limit ($0.02/$0.05) - 2024/04/10 21:53:09
Table 'NLHBlue18' 6-max Seat #6 is the button
Seat 2: 7de3d498 ($5.14 in chips)
Seat 3: 8d9b40ec ($13.1 in chips)
Seat 4: Hero ($5.09 in chips)
Seat 5: c492c028 ($3.15 in chips)
Seat 6: ea43cfb3 ($5 in chips)
7de3d498: posts small blind $0.02
8d9b40ec: posts big blind $0.05
*** HOLE CARDS ***
Dealt to 7de3d498 
Dealt to 8d9b40ec 
Dealt to Hero [Jc 9d]
Dealt to c492c028 
Dealt to ea43cfb3 
Hero: folds
c492c028: folds
ea43cfb3: folds
7de3d498: folds
Uncalled bet ($0.03) returned to 8d9b40ec
*** SHOWDOWN ***
8d9b40ec collected $0.04 from pot
*** SUMMARY ***
Total pot $0.04 | Rake $0 | Jackpot $0 | Bingo $0 | Fortune $0 | Tax $0
Seat 2: 7de3d498 (small blind) folded before Flop
Seat 3: 8d9b40ec (big blind) collected ($0.04)
Seat 4: Hero folded before Flop (didn't bet)
Seat 5: c492c028 folded before Flop (didn't bet)
Seat 6: ea43cfb3 (button) folded before Flop (didn't bet)


Poker Hand #HD1724721945: Hold'em No Limit ($0.02/$0.05) - 2024/04/10 21:52:26
Table 'NLHBlue18' 6-max Seat #5 is the button
Seat 2: 7de3d498 ($5.19 in chips)
Seat 3: 8d9b40ec ($13.38 in chips)
Seat 4: Hero ($5.09 in chips)
Seat 5: c492c028 ($2.83 in chips)
Seat 6: ea43cfb3 ($3.48 in chips)
ea43cfb3: posts small blind $0.02
7de3d498: posts big blind $0.05
*** HOLE CARDS ***
Dealt to 7de3d498 
Dealt to 8d9b40ec 
Dealt to Hero [Jc 5c]
Dealt to c492c028 
Dealt to ea43cfb3 
8d9b40ec: raises $0.1 to $0.15
Hero: folds
c492c028: calls $0.15
ea43cfb3: folds
7de3d498: folds
*** FLOP *** [Js Kh Ts]
8d9b40ec: bets $0.13
c492c028: raises $0.13 to $0.26
8d9b40ec: folds
Uncalled bet ($0.13) returned to c492c028
*** SHOWDOWN ***
c492c028 collected $0.6 from pot
*** SUMMARY ***
Total pot $0.63 | Rake $0.03 | Jackpot $0 | Bingo $0 | Fortune $0 | Tax $0
Board [Js Kh Ts]
Seat 2: 7de3d498 (big blind) folded before Flop
Seat 3: 8d9b40ec folded on the Flop
Seat 4: Hero folded before Flop (didn't bet)
Seat 5: c492c028 (button) won ($0.6)
Seat 6: ea43cfb3 (small blind) folded before Flop


Poker Hand #HD1724721898: Hold'em No Limit ($0.02/$0.05) - 2024/04/10 21:52:00
Table 'NLHBlue18' 6-max Seat #4 is the button
Seat 2: 7de3d498 ($5.19 in chips)
Seat 3: 8d9b40ec ($13.31 in chips)
Seat 4: Hero ($5.09 in chips)
Seat 5: c492c028 ($2.85 in chips)
Seat 6: ea43cfb3 ($3.53 in chips)
c492c028: posts small blind $0.02
ea43cfb3: posts big blind $0.05
*** HOLE CARDS ***
Dealt to 7de3d498 
Dealt to 8d9b40ec 
Dealt to Hero [Ac 7s]
Dealt to c492c028 
Dealt to ea43cfb3 
7de3d498: folds
8d9b40ec: calls $0.05
Hero: folds
c492c028: folds
ea43cfb3: checks
*** FLOP *** [7c 8c Qd]
ea43cfb3: checks
8d9b40ec: bets $0.05
ea43cfb3: folds
Uncalled bet ($0.05) returned to 8d9b40ec
*** SHOWDOWN ***
8d9b40ec collected $0.12 from pot
*** SUMMARY ***
Total pot $0.12 | Rake $0 | Jackpot $0 | Bingo $0 | Fortune $0 | Tax $0
Board [7c 8c Qd]
Seat 2: 7de3d498 folded before Flop (didn't bet)
Seat 3: 8d9b40ec won ($0.12)
Seat 4: Hero (button) folded before Flop (didn't bet)
Seat 5: c492c028 (small blind) folded before Flop
Seat 6: ea43cfb3 (big blind) folded on the Flop


Poker Hand #HD1724721867: Hold'em No Limit ($0.02/$0.05) - 2024/04/10 21:51:46
Table 'NLHBlue18' 6-max Seat #3 is the button
Seat 2: 7de3d498 ($5.19 in chips)
Seat 3: 8d9b40ec ($13.24 in chips)
Seat 4: Hero ($5.11 in chips)
Seat 5: c492c028 ($2.9 in chips)
Hero: posts small blind $0.02
c492c028: posts big blind $0.05
*** HOLE CARDS ***
Dealt to 7de3d498 
Dealt to 8d9b40ec 
Dealt to Hero [6s Qc]
Dealt to c492c028 
7de3d498: folds
8d9b40ec: raises $0.05 to $0.1
Hero: folds
c492c028: folds
Uncalled bet ($0.05) returned to 8d9b40ec
*** SHOWDOWN ***
8d9b40ec collected $0.12 from pot
*** SUMMARY ***
Total pot $0.12 | Rake $0 | Jackpot $0 | Bingo $0 | Fortune $0 | Tax $0
Seat 2: 7de3d498 folded before Flop (didn't bet)
Seat 3: 8d9b40ec (button) collected ($0.12)
Seat 4: Hero (small blind) folded before Flop
Seat 5: c492c028 (big blind) folded before Flop


Poker Hand #HD1724721829: Hold'em No Limit ($0.02/$0.05) - 2024/04/10 21:51:27
Table 'NLHBlue18' 6-max Seat #2 is the button
Seat 2: 7de3d498 ($5.19 in chips)
Seat 3: 8d9b40ec ($13.07 in chips)
Seat 4: Hero ($5.16 in chips)
Seat 5: c492c028 ($3.03 in chips)
Seat 6: cfd8732 ($9.5 in chips)
8d9b40ec: posts small blind $0.02
Hero: posts big blind $0.05
*** HOLE CARDS ***
Dealt to 7de3d498 
Dealt to 8d9b40ec 
Dealt to Hero [5c Jh]
Dealt to c492c028 
Dealt to cfd8732 
c492c028: calls $0.05
cfd8732: folds
7de3d498: folds
8d9b40ec: raises $0.08 to $0.13
Hero: folds
c492c028: calls $0.08
*** FLOP *** [Js 3d 6s]
8d9b40ec: bets $0.11
c492c028: folds
Uncalled bet ($0.11) returned to 8d9b40ec
*** SHOWDOWN ***
8d9b40ec collected $0.3 from pot
*** SUMMARY ***
Total pot $0.31 | Rake $0.01 | Jackpot $0 | Bingo $0 | Fortune $0 | Tax $0
Board [Js 3d 6s]
Seat 2: 7de3d498 (button) folded before Flop (didn't bet)
Seat 3: 8d9b40ec (small blind) won ($0.3)
Seat 4: Hero (big blind) folded before Flop
Seat 5: c492c028 folded on the Flop
Seat 6: cfd8732 folded before Flop (didn't bet)


Poker Hand #HD1724721786: Hold'em No Limit ($0.02/$0.05) - 2024/04/10 21:51:07
Table 'NLHBlue18' 6-max Seat #6 is the button
Seat 2: 7de3d498 ($5 in chips)
Seat 3: 8d9b40ec ($13.12 in chips)
Seat 4: Hero ($5.16 in chips)
Seat 5: c492c028 ($3.08 in chips)
Seat 6: cfd8732 ($9.6 in chips)
7de3d498: posts small blind $0.02
8d9b40ec: posts big blind $0.05
*** HOLE CARDS ***
Dealt to 7de3d498 
Dealt to 8d9b40ec 
Dealt to Hero [2d 4d]
Dealt to c492c028 
Dealt to cfd8732 
Hero: folds
c492c028: calls $0.05
cfd8732: raises $0.05 to $0.1
7de3d498: raises $0.4 to $0.5
8d9b40ec: folds
c492c028: folds
cfd8732: folds
Uncalled bet ($0.4) returned to 7de3d498
*** SHOWDOWN ***
7de3d498 collected $0.29 from pot
*** SUMMARY ***
Total pot $0.3 | Rake $0.01 | Jackpot $0 | Bingo $0 | Fortune $0 | Tax $0
Seat 2: 7de3d498 (small blind) collected ($0.29)
Seat 3: 8d9b40ec (big blind) folded before Flop
Seat 4: Hero folded before Flop (didn't bet)
Seat 5: c492c028 folded before Flop
Seat 6: cfd8732 (button) folded before Flop


Poker Hand #HD1724721734: Hold'em No Limit ($0.02/$0.05) - 2024/04/10 21:50:35
Table 'NLHBlue18' 6-max Seat #5 is the button
Seat 2: 7de3d498 ($5 in chips)
Seat 3: 8d9b40ec ($13.22 in chips)
Seat 4: Hero ($5 in chips)
Seat 5: c492c028 ($3.08 in chips)
Seat 6: cfd8732 ($9.62 in chips)
cfd8732: posts small blind $0.02
7de3d498: posts big blind $0.05
*** HOLE CARDS ***
Dealt to 7de3d498 
Dealt to 8d9b40ec 
Dealt to Hero [Kh Ks]
Dealt to c492c028 
Dealt to cfd8732 
8d9b40ec: raises $0.05 to $0.1
Hero: raises $0.25 to $0.35
c492c028: folds
cfd8732: folds
7de3d498: folds
8d9b40ec: folds
Uncalled bet ($0.25) returned to Hero
*** SHOWDOWN ***
Hero collected $0.26 from pot
*** SUMMARY ***
Total pot $0.27 | Rake $0.01 | Jackpot $0 | Bingo $0 | Fortune $0 | Tax $0
Seat 2: 7de3d498 (big blind) folded before Flop
Seat 3: 8d9b40ec folded before Flop
Seat 4: Hero collected ($0.26)
Seat 5: c492c028 (button) folded before Flop (didn't bet)
Seat 6: cfd8732 (small blind) folded before Flop


Poker Hand #HD1724721674: Hold'em No Limit ($0.02/$0.05) - 2024/04/10 21:49:58
Table 'NLHBlue18' 6-max Seat #4 is the button
Seat 1: 5d7c29bf ($1.19 in chips)
Seat 2: 7de3d498 ($5 in chips)
Seat 3: 8d9b40ec ($13.11 in chips)
Seat 4: Hero ($5 in chips)
Seat 5: c492c028 ($3.1 in chips)
Seat 6: cfd8732 ($9.72 in chips)
c492c028: posts small blind $0.02
cfd8732: posts big blind $0.05
*** HOLE CARDS ***
Dealt to 5d7c29bf 
Dealt to 7de3d498 
Dealt to 8d9b40ec 
Dealt to Hero [Qd 2h]
Dealt to c492c028 
Dealt to cfd8732 
5d7c29bf: folds
7de3d498: folds
8d9b40ec: raises $0.05 to $0.1
Hero: folds
c492c028: folds
cfd8732: calls $0.05
*** FLOP *** [3h 3d 8c]
cfd8732: checks
8d9b40ec: bets $0.08
cfd8732: folds
Uncalled bet ($0.08) returned to 8d9b40ec
*** SHOWDOWN ***
8d9b40ec collected $0.21 from pot
*** SUMMARY ***
Total pot $0.22 | Rake $0.01 | Jackpot $0 | Bingo $0 | Fortune $0 | Tax $0
Board [3h 3d 8c]
Seat 1: 5d7c29bf folded before Flop (didn't bet)
Seat 2: 7de3d498 folded before Flop (didn't bet)
Seat 3: 8d9b40ec won ($0.21)
Seat 4: Hero (button) folded before Flop (didn't bet)
Seat 5: c492c028 (small blind) folded before Flop
Seat 6: cfd8732 (big blind) folded on the Flop


Poker Hand #HD1724721624: Hold'em No Limit ($0.02/$0.05) - 2024/04/10 21:49:34
Table 'NLHBlue18' 6-max Seat #3 is the button
Seat 2: 7de3d498 ($5 in chips)
Seat 3: 8d9b40ec ($13.04 in chips)
Seat 4: Hero ($5 in chips)
Seat 5: c492c028 ($3.15 in chips)
Seat 6: cfd8732 ($9.72 in chips)
Hero: posts small blind $0.02
c492c028: posts big blind $0.05
*** HOLE CARDS ***
Dealt to 7de3d498 
Dealt to 8d9b40ec 
Dealt to Hero [Qh 6c]
Dealt to c492c028 
Dealt to cfd8732 
cfd8732: folds
7de3d498: folds
8d9b40ec: raises $0.05 to $0.1
Hero: folds
c492c028: folds
Uncalled bet ($0.05) returned to 8d9b40ec
*** SHOWDOWN ***
8d9b40ec collected $0.12 from pot
*** SUMMARY ***
Total pot $0.12 | Rake $0 | Jackpot $0 | Bingo $0 | Fortune $0 | Tax $0
Seat 2: 7de3d498 folded before Flop (didn't bet)
Seat 3: 8d9b40ec (button) collected ($0.12)
Seat 4: Hero (small blind) folded before Flop
Seat 5: c492c028 (big blind) folded before Flop
Seat 6: cfd8732 folded before Flop (didn't bet)


Poker Hand #HD1724721475: Hold'em No Limit ($0.02/$0.05) - 2024/04/10 21:48:12
Table 'NLHBlue18' 6-max Seat #2 is the button
Seat 1: 5d7c29bf ($4.44 in chips)
Seat 2: 7de3d498 ($5 in chips)
Seat 3: 8d9b40ec ($13.27 in chips)
Seat 4: Hero ($5 in chips)
Seat 5: c492c028 ($3.2 in chips)
Seat 6: cfd8732 ($5.45 in chips)
8d9b40ec: posts small blind $0.02
Hero: posts big blind $0.05
*** HOLE CARDS ***
Dealt to 5d7c29bf 
Dealt to 7de3d498 
Dealt to 8d9b40ec 
Dealt to Hero [Jd 3c]
Dealt to c492c028 
Dealt to cfd8732 
c492c028: calls $0.05
cfd8732: raises $0.09 to $0.14
5d7c29bf: raises $0.09 to $0.23
7de3d498: folds
8d9b40ec: calls $0.21
Hero: folds
c492c028: folds
cfd8732: calls $0.09
*** FLOP *** [4c Kd 9c]
8d9b40ec: checks
cfd8732: bets $0.6
5d7c29bf: calls $0.6
8d9b40ec: folds
*** TURN *** [4c Kd 9c] [Qs]
cfd8732: bets $4.62 and is all-in
5d7c29bf: calls $3.61 and is all-in
Uncalled bet ($1.01) returned to cfd8732
cfd8732: shows [9h 9d] (Three Nines)
5d7c29bf: shows [Jh Kh] (Pair of Kings)
*** RIVER *** [4c Kd 9c Qs] [6s]
*** SHOWDOWN ***
cfd8732 collected $8.71 from pot
*** SUMMARY ***
Total pot $9.21 | Rake $0.45 | Jackpot $0.05 | Bingo $0 | Fortune $0 | Tax $0
Board [4c Kd 9c Qs 6s]
Seat 1: 5d7c29bf showed [Jh Kh] and lost with Pair of Kings
Seat 2: 7de3d498 (button) folded before Flop (didn't bet)
Seat 3: 8d9b40ec (small blind) folded on the Flop
Seat 4: Hero (big blind) folded before Flop
Seat 5: c492c028 folded before Flop
Seat 6: cfd8732 showed [9h 9d] and won ($8.71) with Three Nines


Poker Hand #HD1724721288: Hold'em No Limit ($0.02/$0.05) - 2024/04/10 21:46:35
Table 'NLHBlue18' 6-max Seat #1 is the button
Seat 1: 5d7c29bf ($4.1 in chips)
Seat 2: 7de3d498 ($5 in chips)
Seat 3: 8d9b40ec ($13.37 in chips)
Seat 4: Hero ($5 in chips)
Seat 5: c492c028 ($3.2 in chips)
Seat 6: cfd8732 ($5.45 in chips)
7de3d498: posts small blind $0.02
8d9b40ec: posts big blind $0.05
*** HOLE CARDS ***
Dealt to 5d7c29bf 
Dealt to 7de3d498 
Dealt to 8d9b40ec 
Dealt to Hero [Qc Ac]
Dealt to c492c028 
Dealt to cfd8732 
Hero: raises $0.05 to $0.1
c492c028: folds
cfd8732: folds
5d7c29bf: calls $0.1
7de3d498: folds
8d9b40ec: calls $0.05
*** FLOP *** [8h 7h Td]
8d9b40ec: checks
Hero: checks
5d7c29bf: checks
*** TURN *** [8h 7h Td] [Jd]
8d9b40ec: checks
Hero: bets $0.15
5d7c29bf: calls $0.15
8d9b40ec: folds
*** RIVER *** [8h 7h Td Jd] [As]
Hero: checks
5d7c29bf: bets $0.65
Hero: folds
Uncalled bet ($0.65) returned to 5d7c29bf
*** SHOWDOWN ***
5d7c29bf collected $0.59 from pot
*** SUMMARY ***
Total pot $0.62 | Rake $0.03 | Jackpot $0 | Bingo $0 | Fortune $0 | Tax $0
Board [8h 7h Td Jd As]
Seat 1: 5d7c29bf (button) won ($0.59)
Seat 2: 7de3d498 (small blind) folded before Flop
Seat 3: 8d9b40ec (big blind) folded on the Turn
Seat 4: Hero folded on the River
Seat 5: c492c028 folded before Flop (didn't bet)
Seat 6: cfd8732 folded before Flop (didn't bet)


Poker Hand #HD1724721142: Hold'em No Limit ($0.02/$0.05) - 2024/04/10 21:45:20
Table 'NLHBlue18' 6-max Seat #6 is the button
Seat 1: 5d7c29bf ($3.42 in chips)
Seat 2: 7de3d498 ($5 in chips)
Seat 3: 8d9b40ec ($13.37 in chips)
Seat 4: Hero ($5 in chips)
Seat 5: c492c028 ($3.2 in chips)
Seat 6: cfd8732 ($6.06 in chips)
5d7c29bf: posts small blind $0.02
7de3d498: posts big blind $0.05
*** HOLE CARDS ***
Dealt to 5d7c29bf 
Dealt to 7de3d498 
Dealt to 8d9b40ec 
Dealt to Hero [6h 7d]
Dealt to c492c028 
Dealt to cfd8732 
8d9b40ec: folds
Hero: folds
c492c028: folds
cfd8732: raises $0.1 to $0.15
5d7c29bf: calls $0.13
7de3d498: calls $0.1
*** FLOP *** [9c 4s Qh]
5d7c29bf: bets $0.46
7de3d498: folds
cfd8732: calls $0.46
*** TURN *** [9c 4s Qh] [8c]
5d7c29bf: bets $1.38
cfd8732: folds
Uncalled bet ($1.38) returned to 5d7c29bf
5d7c29bf: shows [Jc Jd] (Pair of Jacks)
*** SHOWDOWN ***
5d7c29bf collected $1.29 from pot
*** SUMMARY ***
Total pot $1.37 | Rake $0.08 | Jackpot $0 | Bingo $0 | Fortune $0 | Tax $0
Board [9c 4s Qh 8c]
Seat 1: 5d7c29bf (small blind) showed [Jc Jd] and won ($1.29)
Seat 2: 7de3d498 (big blind) folded on the Flop
Seat 3: 8d9b40ec folded before Flop (didn't bet)
Seat 4: Hero folded before Flop (didn't bet)
Seat 5: c492c028 folded before Flop (didn't bet)
Seat 6: cfd8732 (button) folded on the Turn


Poker Hand #HD1724721104: Hold'em No Limit ($0.02/$0.05) - 2024/04/10 21:45:03
Table 'NLHBlue18' 6-max Seat #5 is the button
Seat 1: 5d7c29bf ($3.4 in chips)
Seat 2: 7de3d498 ($5 in chips)
Seat 3: 8d9b40ec ($13.37 in chips)
Seat 4: Hero ($5 in chips)
Seat 5: c492c028 ($3.2 in chips)
Seat 6: cfd8732 ($6.08 in chips)
cfd8732: posts small blind $0.02
5d7c29bf: posts big blind $0.05
*** HOLE CARDS ***
Dealt to 5d7c29bf 
Dealt to 7de3d498 
Dealt to 8d9b40ec 
Dealt to Hero [5d Ah]
Dealt to c492c028 
Dealt to cfd8732 
7de3d498: folds
8d9b40ec: folds
Hero: folds
c492c028: folds
cfd8732: folds
Uncalled bet ($0.03) returned to 5d7c29bf
*** SHOWDOWN ***
5d7c29bf collected $0.04 from pot
*** SUMMARY ***
Total pot $0.04 | Rake $0 | Jackpot $0 | Bingo $0 | Fortune $0 | Tax $0
Seat 1: 5d7c29bf (big blind) collected ($0.04)
Seat 2: 7de3d498 folded before Flop (didn't bet)
Seat 3: 8d9b40ec folded before Flop (didn't bet)
Seat 4: Hero folded before Flop (didn't bet)
Seat 5: c492c028 (button) folded before Flop (didn't bet)
Seat 6: cfd8732 (small blind) folded before Flop


Poker Hand #HD1724720977: Hold'em No Limit ($0.02/$0.05) - 2024/04/10 21:43:59
Table 'NLHBlue18' 6-max Seat #4 is the button
Seat 1: 5d7c29bf ($2.84 in chips)
Seat 2: 7de3d498 ($5 in chips)
Seat 3: 8d9b40ec ($13.7 in chips)
Seat 4: Hero ($5 in chips)
Seat 5: c492c028 ($3.34 in chips)
Seat 6: cfd8732 ($6.22 in chips)
c492c028: posts small blind $0.02
cfd8732: posts big blind $0.05
*** HOLE CARDS ***
Dealt to 5d7c29bf 
Dealt to 7de3d498 
Dealt to 8d9b40ec 
Dealt to Hero [3h As]
Dealt to c492c028 
Dealt to cfd8732 
5d7c29bf: calls $0.05
7de3d498: folds
8d9b40ec: raises $0.09 to $0.14
Hero: folds
c492c028: calls $0.12
cfd8732: calls $0.09
5d7c29bf: calls $0.09
*** FLOP *** [2h 3s 9h]
c492c028: checks
cfd8732: checks
5d7c29bf: checks
8d9b40ec: bets $0.19
c492c028: folds
cfd8732: folds
5d7c29bf: calls $0.19
*** TURN *** [2h 3s 9h] [9s]
5d7c29bf: checks
8d9b40ec: checks
*** RIVER *** [2h 3s 9h 9s] [6h]
5d7c29bf: bets $0.72
8d9b40ec: folds
Uncalled bet ($0.72) returned to 5d7c29bf
5d7c29bf: shows [Kc] (Pair of Nines)
*** SHOWDOWN ***
5d7c29bf collected $0.89 from pot
*** SUMMARY ***
Total pot $0.94 | Rake $0.05 | Jackpot $0 | Bingo $0 | Fortune $0 | Tax $0
Board [2h 3s 9h 9s 6h]
Seat 1: 5d7c29bf showed [Kc] and won ($0.89)
Seat 2: 7de3d498 folded before Flop (didn't bet)
Seat 3: 8d9b40ec folded on the River
Seat 4: Hero (button) folded before Flop (didn't bet)
Seat 5: c492c028 (small blind) folded on the Flop
Seat 6: cfd8732 (big blind) folded on the Flop


Poker Hand #HD1724720865: Hold'em No Limit ($0.02/$0.05) - 2024/04/10 21:43:05
Table 'NLHBlue18' 6-max Seat #3 is the button
Seat 1: 5d7c29bf ($2.12 in chips)
Seat 2: 7de3d498 ($5 in chips)
Seat 3: 8d9b40ec ($13.84 in chips)
Seat 4: Hero ($5 in chips)
Seat 5: c492c028 ($3.98 in chips)
Seat 6: cfd8732 ($6.22 in chips)
Hero: posts small blind $0.02
c492c028: posts big blind $0.05
*** HOLE CARDS ***
Dealt to 5d7c29bf 
Dealt to 7de3d498 
Dealt to 8d9b40ec 
Dealt to Hero [Qd 7h]
Dealt to c492c028 
Dealt to cfd8732 
cfd8732: folds
5d7c29bf: calls $0.05
7de3d498: folds
8d9b40ec: raises $0.09 to $0.14
Hero: folds
c492c028: calls $0.09
5d7c29bf: calls $0.09
*** FLOP *** [9s 4d 5h]
c492c028: checks
5d7c29bf: bets $0.5
8d9b40ec: folds
c492c028: calls $0.5
*** TURN *** [9s 4d 5h] [4s]
c492c028: checks
5d7c29bf: bets $1.48 and is all-in
c492c028: folds
Uncalled bet ($1.48) returned to 5d7c29bf
*** SHOWDOWN ***
5d7c29bf collected $1.36 from pot
*** SUMMARY ***
Total pot $1.44 | Rake $0.08 | Jackpot $0 | Bingo $0 | Fortune $0 | Tax $0
Board [9s 4d 5h 4s]
Seat 1: 5d7c29bf won ($1.36)
Seat 2: 7de3d498 folded before Flop (didn't bet)
Seat 3: 8d9b40ec (button) folded on the Flop
Seat 4: Hero (small blind) folded before Flop
Seat 5: c492c028 (big blind) folded on the Turn
Seat 6: cfd8732 folded before Flop (didn't bet)


Poker Hand #HD1724720771: Hold'em No Limit ($0.02/$0.05) - 2024/04/10 21:42:13
Table 'NLHBlue18' 6-max Seat #2 is the button
Seat 1: 5d7c29bf ($2.12 in chips)
Seat 2: 7de3d498 ($5 in chips)
Seat 3: 8d9b40ec ($13.67 in chips)
Seat 4: Hero ($5 in chips)
Seat 5: c492c028 ($3.98 in chips)
Seat 6: cfd8732 ($6.22 in chips)
8d9b40ec: posts small blind $0.02
Hero: posts big blind $0.05
*** HOLE CARDS ***
Dealt to 5d7c29bf 
Dealt to 7de3d498 
Dealt to 8d9b40ec 
Dealt to Hero [5c 6s]
Dealt to c492c028 
Dealt to cfd8732 
c492c028: folds
cfd8732: folds
5d7c29bf: folds
7de3d498: raises $0.08 to $0.13
8d9b40ec: calls $0.11
Hero: folds
*** FLOP *** [Qc 4c 3d]
8d9b40ec: bets $0.11
7de3d498: folds
Uncalled bet ($0.11) returned to 8d9b40ec
*** SHOWDOWN ***
8d9b40ec collected $0.3 from pot
*** SUMMARY ***
Total pot $0.31 | Rake $0.01 | Jackpot $0 | Bingo $0 | Fortune $0 | Tax $0
Board [Qc 4c 3d]
Seat 1: 5d7c29bf folded before Flop (didn't bet)
Seat 2: 7de3d498 (button) folded on the Flop
Seat 3: 8d9b40ec (small blind) won ($0.3)
Seat 4: Hero (big blind) folded before Flop
Seat 5: c492c028 folded before Flop (didn't bet)
Seat 6: cfd8732 folded before Flop (didn't bet)


Poker Hand #HD1724720650: Hold'em No Limit ($0.02/$0.05) - 2024/04/10 21:41:10
Table 'NLHBlue18' 6-max Seat #1 is the button
Seat 1: 5d7c29bf ($2.47 in chips)
Seat 2: 7de3d498 ($5.75 in chips)
Seat 3: 8d9b40ec ($11.53 in chips)
Seat 4: Hero ($5.07 in chips)
Seat 5: c492c028 ($3.98 in chips)
Seat 6: cfd8732 ($6.32 in chips)
7de3d498: posts small blind $0.02
8d9b40ec: posts big blind $0.05
*** HOLE CARDS ***
Dealt to 5d7c29bf 
Dealt to 7de3d498 
Dealt to 8d9b40ec 
Dealt to Hero [Jc Qh]
Dealt to c492c028 
Dealt to cfd8732 
Hero: raises $0.05 to $0.1
c492c028: folds
cfd8732: calls $0.1
5d7c29bf: calls $0.1
7de3d498: calls $0.08
8d9b40ec: calls $0.05
*** FLOP *** [6c 3c 7s]
7de3d498: bets $0.25
8d9b40ec: calls $0.25
Hero: folds
cfd8732: folds
5d7c29bf: calls $0.25
*** TURN *** [6c 3c 7s] [4d]
7de3d498: bets $0.75
8d9b40ec: raises $0.75 to $1.5
5d7c29bf: folds
7de3d498: calls $0.75
*** RIVER *** [6c 3c 7s 4d] [Qd]
7de3d498: checks
8d9b40ec: bets $9.68 and is all-in
7de3d498: folds
Uncalled bet ($9.68) returned to 8d9b40ec
*** SHOWDOWN ***
8d9b40ec collected $3.99 from pot
*** SUMMARY ***
Total pot $4.25 | Rake $0.21 | Jackpot $0.05 | Bingo $0 | Fortune $0 | Tax $0
Board [6c 3c 7s 4d Qd]
Seat 1: 5d7c29bf (button) folded on the Turn
Seat 2: 7de3d498 (small blind) folded on the River
Seat 3: 8d9b40ec (big blind) won ($3.99)
Seat 4: Hero folded on the Flop
Seat 5: c492c028 folded before Flop (didn't bet)
Seat 6: cfd8732 folded on the Flop


Poker Hand #HD1724720604: Hold'em No Limit ($0.02/$0.05) - 2024/04/10 21:40:46
Table 'NLHBlue18' 6-max Seat #6 is the button
Seat 1: 5d7c29bf ($2.37 in chips)
Seat 2: 7de3d498 ($5.8 in chips)
Seat 3: 8d9b40ec ($11.53 in chips)
Seat 4: Hero ($5.07 in chips)
Seat 5: c492c028 ($4.03 in chips)
Seat 6: cfd8732 ($6.32 in chips)
5d7c29bf: posts small blind $0.02
7de3d498: posts big blind $0.05
*** HOLE CARDS ***
Dealt to 5d7c29bf 
Dealt to 7de3d498 
Dealt to 8d9b40ec 
Dealt to Hero [Jd Tc]
Dealt to c492c028 
Dealt to cfd8732 
8d9b40ec: folds
Hero: folds
c492c028: calls $0.05
cfd8732: folds
5d7c29bf: raises $0.09 to $0.14
7de3d498: folds
c492c028: folds
Uncalled bet ($0.09) returned to 5d7c29bf
*** SHOWDOWN ***
5d7c29bf collected $0.15 from pot
*** SUMMARY ***
Total pot $0.15 | Rake $0 | Jackpot $0 | Bingo $0 | Fortune $0 | Tax $0
Seat 1: 5d7c29bf (small blind) collected ($0.15)
Seat 2: 7de3d498 (big blind) folded before Flop
Seat 3: 8d9b40ec folded before Flop (didn't bet)
Seat 4: Hero folded before Flop (didn't bet)
Seat 5: c492c028 folded before Flop
Seat 6: cfd8732 (button) folded before Flop (didn't bet)


Poker Hand #HD1724720522: Hold'em No Limit ($0.02/$0.05) - 2024/04/10 21:40:05
Table 'NLHBlue18' 6-max Seat #5 is the button
Seat 1: 5d7c29bf ($2.82 in chips)
Seat 2: 7de3d498 ($5.8 in chips)
Seat 3: 8d9b40ec ($11.68 in chips)
Seat 4: Hero ($5.07 in chips)
Seat 5: c492c028 ($4.03 in chips)
Seat 6: cfd8732 ($5.77 in chips)
cfd8732: posts small blind $0.02
5d7c29bf: posts big blind $0.05
*** HOLE CARDS ***
Dealt to 5d7c29bf 
Dealt to 7de3d498 
Dealt to 8d9b40ec 
Dealt to Hero [5c 3s]
Dealt to c492c028 
Dealt to cfd8732 
7de3d498: folds
8d9b40ec: raises $0.1 to $0.15
Hero: folds
c492c028: folds
cfd8732: raises $0.3 to $0.45
5d7c29bf: calls $0.4
8d9b40ec: folds
*** FLOP *** [2c 5h Ts]
cfd8732: bets $0.53
5d7c29bf: folds
Uncalled bet ($0.53) returned to cfd8732
*** SHOWDOWN ***
cfd8732 collected $1 from pot
*** SUMMARY ***
Total pot $1.05 | Rake $0.05 | Jackpot $0 | Bingo $0 | Fortune $0 | Tax $0
Board [2c 5h Ts]
Seat 1: 5d7c29bf (big blind) folded on the Flop
Seat 2: 7de3d498 folded before Flop (didn't bet)
Seat 3: 8d9b40ec folded before Flop
Seat 4: Hero folded before Flop (didn't bet)
Seat 5: c492c028 (button) folded before Flop (didn't bet)
Seat 6: cfd8732 (small blind) won ($1)


Poker Hand #HD1724720427: Hold'em No Limit ($0.02/$0.05) - 2024/04/10 21:39:12
Table 'NLHBlue18' 6-max Seat #4 is the button
Seat 1: 5d7c29bf ($2.82 in chips)
Seat 2: 7de3d498 ($5.8 in chips)
Seat 3: 8d9b40ec ($11.68 in chips)
Seat 4: Hero ($5.07 in chips)
Seat 5: c492c028 ($4.29 in chips)
Seat 6: cfd8732 ($5.53 in chips)
c492c028: posts small blind $0.02
cfd8732: posts big blind $0.05
*** HOLE CARDS ***
Dealt to 5d7c29bf 
Dealt to 7de3d498 
Dealt to 8d9b40ec 
Dealt to Hero [2h 4c]
Dealt to c492c028 
Dealt to cfd8732 
5d7c29bf: folds
7de3d498: folds
8d9b40ec: folds
Hero: folds
c492c028: calls $0.03
cfd8732: checks
*** FLOP *** [5d Kd 7s]
c492c028: checks
cfd8732: bets $0.08
c492c028: calls $0.08
*** TURN *** [5d Kd 7s] [4h]
c492c028: checks
cfd8732: checks
*** RIVER *** [5d Kd 7s 4h] [6s]
c492c028: checks
cfd8732: bets $0.13
c492c028: calls $0.13
cfd8732: shows [8d Jd] (Eights-High Straight)
c492c028: shows [Qd 7h] (Pair of Sevens)
*** SHOWDOWN ***
cfd8732 collected $0.5 from pot
*** SUMMARY ***
Total pot $0.52 | Rake $0.02 | Jackpot $0 | Bingo $0 | Fortune $0 | Tax $0
Board [5d Kd 7s 4h 6s]
Seat 1: 5d7c29bf folded before Flop (didn't bet)
Seat 2: 7de3d498 folded before Flop (didn't bet)
Seat 3: 8d9b40ec folded before Flop (didn't bet)
Seat 4: Hero (button) folded before Flop (didn't bet)
Seat 5: c492c028 (small blind) showed [Qd 7h] and lost with Pair of Sevens
Seat 6: cfd8732 (big blind) showed [8d Jd] and won ($0.5) with Eights-High Straight


Poker Hand #HD1724720333: Hold'em No Limit ($0.02/$0.05) - 2024/04/10 21:38:21
Table 'NLHBlue18' 6-max Seat #3 is the button
Seat 1: 5d7c29bf ($2.92 in chips)
Seat 2: 7de3d498 ($5.8 in chips)
Seat 3: 8d9b40ec ($11.24 in chips)
Seat 4: Hero ($5.09 in chips)
Seat 5: c492c028 ($4.65 in chips)
Seat 6: cfd8732 ($5.53 in chips)
Hero: posts small blind $0.02
c492c028: posts big blind $0.05
*** HOLE CARDS ***
Dealt to 5d7c29bf 
Dealt to 7de3d498 
Dealt to 8d9b40ec 
Dealt to Hero [6c 9d]
Dealt to c492c028 
Dealt to cfd8732 
cfd8732: folds
5d7c29bf: calls $0.05
7de3d498: folds
8d9b40ec: raises $0.05 to $0.1
Hero: folds
c492c028: calls $0.05
5d7c29bf: calls $0.05
*** FLOP *** [7s Ks Th]
c492c028: bets $0.16
5d7c29bf: folds
8d9b40ec: calls $0.16
*** TURN *** [7s Ks Th] [Js]
c492c028: bets $0.05
8d9b40ec: raises $0.05 to $0.1
c492c028: calls $0.05
*** RIVER *** [7s Ks Th Js] [4h]
c492c028: checks
8d9b40ec: bets $0.42
c492c028: folds
Uncalled bet ($0.42) returned to 8d9b40ec
*** SHOWDOWN ***
8d9b40ec collected $0.8 from pot
*** SUMMARY ***
Total pot $0.84 | Rake $0.04 | Jackpot $0 | Bingo $0 | Fortune $0 | Tax $0
Board [7s Ks Th Js 4h]
Seat 1: 5d7c29bf folded on the Flop
Seat 2: 7de3d498 folded before Flop (didn't bet)
Seat 3: 8d9b40ec (button) won ($0.8)
Seat 4: Hero (small blind) folded before Flop
Seat 5: c492c028 (big blind) folded on the River
Seat 6: cfd8732 folded before Flop (didn't bet)


Poker Hand #HD1724720279: Hold'em No Limit ($0.02/$0.05) - 2024/04/10 21:37:53
Table 'NLHBlue18' 6-max Seat #2 is the button
Seat 1: 5d7c29bf ($2.85 in chips)
Seat 2: 7de3d498 ($5.8 in chips)
Seat 3: 8d9b40ec ($11.26 in chips)
Seat 4: Hero ($5.14 in chips)
Seat 5: c492c028 ($4.65 in chips)
Seat 6: cfd8732 ($5.53 in chips)
8d9b40ec: posts small blind $0.02
Hero: posts big blind $0.05
*** HOLE CARDS ***
Dealt to 5d7c29bf 
Dealt to 7de3d498 
Dealt to 8d9b40ec 
Dealt to Hero [5c As]
Dealt to c492c028 
Dealt to cfd8732 
c492c028: folds
cfd8732: folds
5d7c29bf: raises $0.1 to $0.15
7de3d498: folds
8d9b40ec: folds
Hero: folds
Uncalled bet ($0.1) returned to 5d7c29bf
*** SHOWDOWN ***
5d7c29bf collected $0.12 from pot
*** SUMMARY ***
Total pot $0.12 | Rake $0 | Jackpot $0 | Bingo $0 | Fortune $0 | Tax $0
Seat 1: 5d7c29bf collected ($0.12)
Seat 2: 7de3d498 (button) folded before Flop (didn't bet)
Seat 3: 8d9b40ec (small blind) folded before Flop
Seat 4: Hero (big blind) folded before Flop
Seat 5: c492c028 folded before Flop (didn't bet)
Seat 6: cfd8732 folded before Flop (didn't bet)


Poker Hand #HD1724720233: Hold'em No Limit ($0.02/$0.05) - 2024/04/10 21:37:24
Table 'NLHBlue18' 6-max Seat #1 is the button
Seat 1: 5d7c29bf ($2.74 in chips)
Seat 2: 7de3d498 ($5.82 in chips)
Seat 3: 8d9b40ec ($11.31 in chips)
Seat 4: Hero ($5.14 in chips)
Seat 5: c492c028 ($4.7 in chips)
Seat 6: cfd8732 ($5.53 in chips)
7de3d498: posts small blind $0.02
8d9b40ec: posts big blind $0.05
*** HOLE CARDS ***
Dealt to 5d7c29bf 
Dealt to 7de3d498 
Dealt to 8d9b40ec 
Dealt to Hero [4s Ah]
Dealt to c492c028 
Dealt to cfd8732 
Hero: folds
c492c028: calls $0.05
cfd8732: folds
5d7c29bf: calls $0.05
7de3d498: folds
8d9b40ec: checks
*** FLOP *** [8s 6s Qs]
8d9b40ec: checks
c492c028: checks
5d7c29bf: bets $0.18
8d9b40ec: folds
c492c028: folds
Uncalled bet ($0.18) returned to 5d7c29bf
*** SHOWDOWN ***
5d7c29bf collected $0.16 from pot
*** SUMMARY ***
Total pot $0.17 | Rake $0.01 | Jackpot $0 | Bingo $0 | Fortune $0 | Tax $0
Board [8s 6s Qs]
Seat 1: 5d7c29bf (button) won ($0.16)
Seat 2: 7de3d498 (small blind) folded before Flop
Seat 3: 8d9b40ec (big blind) folded on the Flop
Seat 4: Hero folded before Flop (didn't bet)
Seat 5: c492c028 folded on the Flop
Seat 6: cfd8732 folded before Flop (didn't bet)


Poker Hand #HD1724720173: Hold'em No Limit ($0.02/$0.05) - 2024/04/10 21:36:53
Table 'NLHBlue18' 6-max Seat #6 is the button
Seat 1: 5d7c29bf ($2.6 in chips)
Seat 2: 7de3d498 ($5.87 in chips)
Seat 3: 8d9b40ec ($11.41 in chips)
Seat 4: Hero ($5.14 in chips)
Seat 5: c492c028 ($4.7 in chips)
Seat 6: cfd8732 ($5.53 in chips)
5d7c29bf: posts small blind $0.02
7de3d498: posts big blind $0.05
*** HOLE CARDS ***
Dealt to 5d7c29bf 
Dealt to 7de3d498 
Dealt to 8d9b40ec 
Dealt to Hero [Tc 6s]
Dealt to c492c028 
Dealt to cfd8732 
8d9b40ec: raises $0.05 to $0.1
Hero: folds
c492c028: folds
cfd8732: folds
5d7c29bf: calls $0.08
7de3d498: folds
*** FLOP *** [4h Ts 8s]
5d7c29bf: bets $0.26
8d9b40ec: folds
Uncalled bet ($0.26) returned to 5d7c29bf
*** SHOWDOWN ***
5d7c29bf collected $0.24 from pot
*** SUMMARY ***
Total pot $0.25 | Rake $0.01 | Jackpot $0 | Bingo $0 | Fortune $0 | Tax $0
Board [4h Ts 8s]
Seat 1: 5d7c29bf (small blind) won ($0.24)
Seat 2: 7de3d498 (big blind) folded before Flop
Seat 3: 8d9b40ec folded on the Flop
Seat 4: Hero folded before Flop (didn't bet)
Seat 5: c492c028 folded before Flop (didn't bet)
Seat 6: cfd8732 (button) folded before Flop (didn't bet)


Poker Hand #HD1724720036: Hold'em No Limit ($0.02/$0.05) - 2024/04/10 21:35:30
Table 'NLHBlue18' 6-max Seat #5 is the button
Seat 1: 5d7c29bf ($2.81 in chips)
Seat 2: 7de3d498 ($5.87 in chips)
Seat 3: 8d9b40ec ($11.41 in chips)
Seat 4: Hero ($6.25 in chips)
Seat 5: c492c028 ($3.53 in chips)
Seat 6: cfd8732 ($5.55 in chips)
cfd8732: posts small blind $0.02
5d7c29bf: posts big blind $0.05
*** HOLE CARDS ***
Dealt to 5d7c29bf 
Dealt to 7de3d498 
Dealt to 8d9b40ec 
Dealt to Hero [7h 6h]
Dealt to c492c028 
Dealt to cfd8732 
7de3d498: folds
8d9b40ec: folds
Hero: raises $0.08 to $0.13
c492c028: raises $0.08 to $0.21
cfd8732: folds
5d7c29bf: calls $0.16
Hero: calls $0.08
*** FLOP *** [8d 4d Ks]
5d7c29bf: checks
Hero: bets $0.2
c492c028: calls $0.2
5d7c29bf: folds
*** TURN *** [8d 4d Ks] [Ad]
Hero: checks
c492c028: checks
*** RIVER *** [8d 4d Ks Ad] [Kh]
Hero: bets $0.7
c492c028: calls $0.7
Hero: shows [7h 6h] (Pair of Kings)
c492c028: shows [Tc Td] (Pair of Kings and Pair of Tens)
*** SHOWDOWN ***
c492c028 collected $2.28 from pot
*** SUMMARY ***
Total pot $2.45 | Rake $0.12 | Jackpot $0.05 | Bingo $0 | Fortune $0 | Tax $0
Board [8d 4d Ks Ad Kh]
Seat 1: 5d7c29bf (big blind) folded on the Flop
Seat 2: 7de3d498 folded before Flop (didn't bet)
Seat 3: 8d9b40ec folded before Flop (didn't bet)
Seat 4: Hero showed [7h 6h] and lost with Pair of Kings
Seat 5: c492c028 (button) showed [Tc Td] and won ($2.28) with Pair of Kings and Pair of Tens
Seat 6: cfd8732 (small blind) folded before Flop


Poker Hand #HD1724719910: Hold'em No Limit ($0.02/$0.05) - 2024/04/10 21:34:27
Table 'NLHBlue18' 6-max Seat #4 is the button
Seat 1: 5d7c29bf ($2.81 in chips)
Seat 2: 7de3d498 ($5.64 in chips)
Seat 3: 8d9b40ec ($11.41 in chips)
Seat 4: Hero ($6.25 in chips)
Seat 5: c492c028 ($3.55 in chips)
Seat 6: cfd8732 ($5.78 in chips)
c492c028: posts small blind $0.02
cfd8732: posts big blind $0.05
*** HOLE CARDS ***
Dealt to 5d7c29bf 
Dealt to 7de3d498 
Dealt to 8d9b40ec 
Dealt to Hero [Qs 4d]
Dealt to c492c028 
Dealt to cfd8732 
5d7c29bf: folds
7de3d498: raises $0.08 to $0.13
8d9b40ec: folds
Hero: folds
c492c028: folds
cfd8732: calls $0.08
*** FLOP *** [Js Th Ts]
cfd8732: checks
7de3d498: bets $0.1
cfd8732: calls $0.1
*** TURN *** [Js Th Ts] [Ad]
cfd8732: checks
7de3d498: bets $0.25
cfd8732: folds
Uncalled bet ($0.25) returned to 7de3d498
*** SHOWDOWN ***
7de3d498 collected $0.46 from pot
*** SUMMARY ***
Total pot $0.48 | Rake $0.02 | Jackpot $0 | Bingo $0 | Fortune $0 | Tax $0
Board [Js Th Ts Ad]
Seat 1: 5d7c29bf folded before Flop (didn't bet)
Seat 2: 7de3d498 won ($0.46)
Seat 3: 8d9b40ec folded before Flop (didn't bet)
Seat 4: Hero (button) folded before Flop (didn't bet)
Seat 5: c492c028 (small blind) folded before Flop
Seat 6: cfd8732 (big blind) folded on the Turn


Poker Hand #HD1724719847: Hold'em No Limit ($0.02/$0.05) - 2024/04/10 21:33:48
Table 'NLHBlue18' 6-max Seat #3 is the button
Seat 1: 5d7c29bf ($2.96 in chips)
Seat 2: 7de3d498 ($5.64 in chips)
Seat 3: 8d9b40ec ($11.56 in chips)
Seat 4: Hero ($6.27 in chips)
Seat 5: c492c028 ($3.25 in chips)
Seat 6: cfd8732 ($5.78 in chips)
Hero: posts small blind $0.02
c492c028: posts big blind $0.05
*** HOLE CARDS ***
Dealt to 5d7c29bf 
Dealt to 7de3d498 
Dealt to 8d9b40ec 
Dealt to Hero [2c 3c]
Dealt to c492c028 
Dealt to cfd8732 
cfd8732: folds
5d7c29bf: raises $0.1 to $0.15
7de3d498: folds
8d9b40ec: calls $0.15
Hero: folds
c492c028: calls $0.1
*** FLOP *** [3h 6d 4h]
c492c028: bets $0.24
5d7c29bf: folds
8d9b40ec: folds
Uncalled bet ($0.24) returned to c492c028
*** SHOWDOWN ***
c492c028 collected $0.45 from pot
*** SUMMARY ***
Total pot $0.47 | Rake $0.02 | Jackpot $0 | Bingo $0 | Fortune $0 | Tax $0
Board [3h 6d 4h]
Seat 1: 5d7c29bf folded on the Flop
Seat 2: 7de3d498 folded before Flop (didn't bet)
Seat 3: 8d9b40ec (button) folded on the Flop
Seat 4: Hero (small blind) folded before Flop
Seat 5: c492c028 (big blind) won ($0.45)
Seat 6: cfd8732 folded before Flop (didn't bet)


Poker Hand #HD1724719821: Hold'em No Limit ($0.02/$0.05) - 2024/04/10 21:33:32
Table 'NLHBlue18' 6-max Seat #2 is the button
Seat 1: 5d7c29bf ($2.96 in chips)
Seat 2: 7de3d498 ($5.57 in chips)
Seat 3: 8d9b40ec ($11.58 in chips)
Seat 4: Hero ($6.32 in chips)
Seat 5: c492c028 ($3.25 in chips)
Seat 6: cfd8732 ($5.78 in chips)
8d9b40ec: posts small blind $0.02
Hero: posts big blind $0.05
*** HOLE CARDS ***
Dealt to 5d7c29bf 
Dealt to 7de3d498 
Dealt to 8d9b40ec 
Dealt to Hero [3c Jc]
Dealt to c492c028 
Dealt to cfd8732 
c492c028: folds
cfd8732: folds
5d7c29bf: folds
7de3d498: raises $0.08 to $0.13
8d9b40ec: folds
Hero: folds
Uncalled bet ($0.08) returned to 7de3d498
*** SHOWDOWN ***
7de3d498 collected $0.12 from pot
*** SUMMARY ***
Total pot $0.12 | Rake $0 | Jackpot $0 | Bingo $0 | Fortune $0 | Tax $0
Seat 1: 5d7c29bf folded before Flop (didn't bet)
Seat 2: 7de3d498 (button) collected ($0.12)
Seat 3: 8d9b40ec (small blind) folded before Flop
Seat 4: Hero (big blind) folded before Flop
Seat 5: c492c028 folded before Flop (didn't bet)
Seat 6: cfd8732 folded before Flop (didn't bet)


Poker Hand #HD1724719780: Hold'em No Limit ($0.02/$0.05) - 2024/04/10 21:33:12
Table 'NLHBlue18' 6-max Seat #1 is the button
Seat 1: 5d7c29bf ($2.96 in chips)
Seat 2: 7de3d498 ($5.47 in chips)
Seat 3: 8d9b40ec ($11.63 in chips)
Seat 4: Hero ($6.32 in chips)
Seat 5: c492c028 ($3.3 in chips)
Seat 6: cfd8732 ($5.78 in chips)
7de3d498: posts small blind $0.02
8d9b40ec: posts big blind $0.05
*** HOLE CARDS ***
Dealt to 5d7c29bf 
Dealt to 7de3d498 
Dealt to 8d9b40ec 
Dealt to Hero [5h As]
Dealt to c492c028 
Dealt to cfd8732 
Hero: folds
c492c028: calls $0.05
cfd8732: folds
5d7c29bf: folds
7de3d498: raises $0.2 to $0.25
8d9b40ec: folds
c492c028: folds
Uncalled bet ($0.2) returned to 7de3d498
*** SHOWDOWN ***
7de3d498 collected $0.15 from pot
*** SUMMARY ***
Total pot $0.15 | Rake $0 | Jackpot $0 | Bingo $0 | Fortune $0 | Tax $0
Seat 1: 5d7c29bf (button) folded before Flop (didn't bet)
Seat 2: 7de3d498 (small blind) collected ($0.15)
Seat 3: 8d9b40ec (big blind) folded before Flop
Seat 4: Hero folded before Flop (didn't bet)
Seat 5: c492c028 folded before Flop
Seat 6: cfd8732 folded before Flop (didn't bet)


Poker Hand #HD1724719736: Hold'em No Limit ($0.02/$0.05) - 2024/04/10 21:32:45
Table 'NLHBlue18' 6-max Seat #6 is the button
Seat 1: 5d7c29bf ($2.98 in chips)
Seat 2: 7de3d498 ($5.52 in chips)
Seat 3: 8d9b40ec ($11.47 in chips)
Seat 4: Hero ($6.32 in chips)
Seat 5: c492c028 ($3.4 in chips)
Seat 6: cfd8732 ($5.78 in chips)
5d7c29bf: posts small blind $0.02
7de3d498: posts big blind $0.05
*** HOLE CARDS ***
Dealt to 5d7c29bf 
Dealt to 7de3d498 
Dealt to 8d9b40ec 
Dealt to Hero [2c 3h]
Dealt to c492c028 
Dealt to cfd8732 
8d9b40ec: raises $0.05 to $0.1
Hero: folds
c492c028: calls $0.1
cfd8732: folds
5d7c29bf: folds
7de3d498: folds
*** FLOP *** [Ad 8s 8h]
8d9b40ec: bets $0.09
c492c028: folds
Uncalled bet ($0.09) returned to 8d9b40ec
8d9b40ec: shows [8c]
*** SHOWDOWN ***
8d9b40ec collected $0.26 from pot
*** SUMMARY ***
Total pot $0.27 | Rake $0.01 | Jackpot $0 | Bingo $0 | Fortune $0 | Tax $0
Board [Ad 8s 8h]
Seat 1: 5d7c29bf (small blind) folded before Flop
Seat 2: 7de3d498 (big blind) folded before Flop
Seat 3: 8d9b40ec showed [8c] and won ($0.26)
Seat 4: Hero folded before Flop (didn't bet)
Seat 5: c492c028 folded on the Flop
Seat 6: cfd8732 (button) folded before Flop (didn't bet)


Poker Hand #HD1724719616: Hold'em No Limit ($0.02/$0.05) - 2024/04/10 21:31:35
Table 'NLHBlue18' 6-max Seat #5 is the button
Seat 1: 5d7c29bf ($3.25 in chips)
Seat 2: 7de3d498 ($5 in chips)
Seat 3: 8d9b40ec ($11.74 in chips)
Seat 4: Hero ($6.32 in chips)
Seat 5: c492c028 ($3.4 in chips)
Seat 6: cfd8732 ($5.8 in chips)
cfd8732: posts small blind $0.02
5d7c29bf: posts big blind $0.05
*** HOLE CARDS ***
Dealt to 5d7c29bf 
Dealt to 7de3d498 
Dealt to 8d9b40ec 
Dealt to Hero [2c Qs]
Dealt to c492c028 
Dealt to cfd8732 
7de3d498: raises $0.08 to $0.13
8d9b40ec: calls $0.13
Hero: folds
c492c028: folds
cfd8732: folds
5d7c29bf: calls $0.08
*** FLOP *** [7h 4d Ah]
5d7c29bf: checks
7de3d498: checks
8d9b40ec: bets $0.14
5d7c29bf: calls $0.14
7de3d498: calls $0.14
*** TURN *** [7h 4d Ah] [Kh]
5d7c29bf: checks
7de3d498: checks
8d9b40ec: checks
*** RIVER *** [7h 4d Ah Kh] [9s]
5d7c29bf: checks
7de3d498: bets $0.6
8d9b40ec: folds
5d7c29bf: folds
Uncalled bet ($0.6) returned to 7de3d498
*** SHOWDOWN ***
7de3d498 collected $0.79 from pot
*** SUMMARY ***
Total pot $0.83 | Rake $0.04 | Jackpot $0 | Bingo $0 | Fortune $0 | Tax $0
Board [7h 4d Ah Kh 9s]
Seat 1: 5d7c29bf (big blind) folded on the River
Seat 2: 7de3d498 won ($0.79)
Seat 3: 8d9b40ec folded on the River
Seat 4: Hero folded before Flop (didn't bet)
Seat 5: c492c028 (button) folded before Flop (didn't bet)
Seat 6: cfd8732 (small blind) folded before Flop


Poker Hand #HD1724719562: Hold'em No Limit ($0.02/$0.05) - 2024/04/10 21:31:07
Table 'NLHBlue18' 6-max Seat #4 is the button
Seat 1: 5d7c29bf ($3.25 in chips)
Seat 2: 7de3d498 ($5 in chips)
Seat 3: 8d9b40ec ($11.63 in chips)
Seat 4: Hero ($6.32 in chips)
Seat 5: c492c028 ($3.42 in chips)
Seat 6: cfd8732 ($5.9 in chips)
c492c028: posts small blind $0.02
cfd8732: posts big blind $0.05
*** HOLE CARDS ***
Dealt to 5d7c29bf 
Dealt to 7de3d498 
Dealt to 8d9b40ec 
Dealt to Hero [9s Qs]
Dealt to c492c028 
Dealt to cfd8732 
5d7c29bf: folds
7de3d498: folds
8d9b40ec: raises $0.05 to $0.1
Hero: folds
c492c028: folds
cfd8732: calls $0.05
*** FLOP *** [Ad 2h 5s]
cfd8732: checks
8d9b40ec: bets $0.08
cfd8732: folds
Uncalled bet ($0.08) returned to 8d9b40ec
*** SHOWDOWN ***
8d9b40ec collected $0.21 from pot
*** SUMMARY ***
Total pot $0.22 | Rake $0.01 | Jackpot $0 | Bingo $0 | Fortune $0 | Tax $0
Board [Ad 2h 5s]
Seat 1: 5d7c29bf folded before Flop (didn't bet)
Seat 2: 7de3d498 folded before Flop (didn't bet)
Seat 3: 8d9b40ec won ($0.21)
Seat 4: Hero (button) folded before Flop (didn't bet)
Seat 5: c492c028 (small blind) folded before Flop
Seat 6: cfd8732 (big blind) folded on the Flop


Poker Hand #HD1724719528: Hold'em No Limit ($0.02/$0.05) - 2024/04/10 21:30:51
Table 'NLHBlue18' 6-max Seat #3 is the button
Seat 1: 5d7c29bf ($3.25 in chips)
Seat 2: 7de3d498 ($5 in chips)
Seat 3: 8d9b40ec ($11.56 in chips)
Seat 4: Hero ($6.34 in chips)
Seat 5: c492c028 ($3.47 in chips)
Seat 6: cfd8732 ($5.9 in chips)
Hero: posts small blind $0.02
c492c028: posts big blind $0.05
*** HOLE CARDS ***
Dealt to 5d7c29bf 
Dealt to 7de3d498 
Dealt to 8d9b40ec 
Dealt to Hero [Qs Th]
Dealt to c492c028 
Dealt to cfd8732 
cfd8732: folds
5d7c29bf: folds
7de3d498: folds
8d9b40ec: raises $0.1 to $0.15
Hero: folds
c492c028: folds
Uncalled bet ($0.1) returned to 8d9b40ec
*** SHOWDOWN ***
8d9b40ec collected $0.12 from pot
*** SUMMARY ***
Total pot $0.12 | Rake $0 | Jackpot $0 | Bingo $0 | Fortune $0 | Tax $0
Seat 1: 5d7c29bf folded before Flop (didn't bet)
Seat 2: 7de3d498 folded before Flop (didn't bet)
Seat 3: 8d9b40ec (button) collected ($0.12)
Seat 4: Hero (small blind) folded before Flop
Seat 5: c492c028 (big blind) folded before Flop
Seat 6: cfd8732 folded before Flop (didn't bet)


Poker Hand #HD1724719373: Hold'em No Limit ($0.02/$0.05) - 2024/04/10 21:29:24
Table 'NLHBlue18' 6-max Seat #2 is the button
Seat 1: 5d7c29bf ($3.35 in chips)
Seat 2: 7de3d498 ($5 in chips)
Seat 3: 8d9b40ec ($12.41 in chips)
Seat 4: Hero ($5.52 in chips)
Seat 5: c492c028 ($3.47 in chips)
Seat 6: cfd8732 ($5.9 in chips)
8d9b40ec: posts small blind $0.02
Hero: posts big blind $0.05
*** HOLE CARDS ***
Dealt to 5d7c29bf 
Dealt to 7de3d498 
Dealt to 8d9b40ec 
Dealt to Hero [9c 8s]
Dealt to c492c028 
Dealt to cfd8732 
c492c028: folds
cfd8732: folds
5d7c29bf: calls $0.05
7de3d498: folds
8d9b40ec: calls $0.03
Hero: checks
*** FLOP *** [Qd 8d 8h]
8d9b40ec: checks
Hero: bets $0.05
5d7c29bf: calls $0.05
8d9b40ec: calls $0.05
*** TURN *** [Qd 8d 8h] [6c]
8d9b40ec: checks
Hero: bets $0.15
5d7c29bf: folds
8d9b40ec: raises $0.15 to $0.3
Hero: calls $0.15
*** RIVER *** [Qd 8d 8h 6c] [Kc]
8d9b40ec: bets $0.45
Hero: calls $0.45
8d9b40ec: shows [Ks 6s] (Pair of Kings and Pair of Eights)
Hero: shows [9c 8s] (Three Eights)
*** SHOWDOWN ***
Hero collected $1.67 from pot
*** SUMMARY ***
Total pot $1.8 | Rake $0.08 | Jackpot $0.05 | Bingo $0 | Fortune $0 | Tax $0
Board [Qd 8d 8h 6c Kc]
Seat 1: 5d7c29bf folded on the Turn
Seat 2: 7de3d498 (button) folded before Flop (didn't bet)
Seat 3: 8d9b40ec (small blind) showed [Ks 6s] and lost with Pair of Kings and Pair of Eights
Seat 4: Hero (big blind) showed [9c 8s] and won ($1.67) with Three Eights
Seat 5: c492c028 folded before Flop (didn't bet)
Seat 6: cfd8732 folded before Flop (didn't bet)


Poker Hand #HD1724719354: Hold'em No Limit ($0.02/$0.05) - 2024/04/10 21:29:14
Table 'NLHBlue18' 6-max Seat #1 is the button
Seat 1: 5d7c29bf ($3.35 in chips)
Seat 2: 7de3d498 ($5 in chips)
Seat 3: 8d9b40ec ($12.39 in chips)
Seat 4: Hero ($5.52 in chips)
Seat 5: c492c028 ($3.47 in chips)
Seat 6: cfd8732 ($5.9 in chips)
7de3d498: posts small blind $0.02
8d9b40ec: posts big blind $0.05
*** HOLE CARDS ***
Dealt to 5d7c29bf 
Dealt to 7de3d498 
Dealt to 8d9b40ec 
Dealt to Hero [Jd 4h]
Dealt to c492c028 
Dealt to cfd8732 
Hero: folds
c492c028: folds
cfd8732: folds
5d7c29bf: folds
7de3d498: folds
Uncalled bet ($0.03) returned to 8d9b40ec
*** SHOWDOWN ***
8d9b40ec collected $0.04 from pot
*** SUMMARY ***
Total pot $0.04 | Rake $0 | Jackpot $0 | Bingo $0 | Fortune $0 | Tax $0
Seat 1: 5d7c29bf (button) folded before Flop (didn't bet)
Seat 2: 7de3d498 (small blind) folded before Flop
Seat 3: 8d9b40ec (big blind) collected ($0.04)
Seat 4: Hero folded before Flop (didn't bet)
Seat 5: c492c028 folded before Flop (didn't bet)
Seat 6: cfd8732 folded before Flop (didn't bet)


Poker Hand #HD1724719287: Hold'em No Limit ($0.02/$0.05) - 2024/04/10 21:28:34
Table 'NLHBlue18' 6-max Seat #6 is the button
Seat 1: 5d7c29bf ($3.03 in chips)
Seat 2: 7de3d498 ($5 in chips)
Seat 3: 8d9b40ec ($12.54 in chips)
Seat 4: Hero ($5.52 in chips)
Seat 5: c492c028 ($3.62 in chips)
Seat 6: cfd8732 ($5.9 in chips)
5d7c29bf: posts small blind $0.02
7de3d498: posts big blind $0.05
*** HOLE CARDS ***
Dealt to 5d7c29bf 
Dealt to 7de3d498 
Dealt to 8d9b40ec 
Dealt to Hero [4h Ad]
Dealt to c492c028 
Dealt to cfd8732 
8d9b40ec: raises $0.05 to $0.1
Hero: folds
c492c028: calls $0.1
cfd8732: folds
5d7c29bf: raises $0.05 to $0.15
7de3d498: folds
8d9b40ec: calls $0.05
c492c028: calls $0.05
*** FLOP *** [Td 4c Qs]
5d7c29bf: bets $0.26
8d9b40ec: folds
c492c028: folds
Uncalled bet ($0.26) returned to 5d7c29bf
*** SHOWDOWN ***
5d7c29bf collected $0.47 from pot
*** SUMMARY ***
Total pot $0.5 | Rake $0.03 | Jackpot $0 | Bingo $0 | Fortune $0 | Tax $0
Board [Td 4c Qs]
Seat 1: 5d7c29bf (small blind) won ($0.47)
Seat 2: 7de3d498 (big blind) folded before Flop
Seat 3: 8d9b40ec folded on the Flop
Seat 4: Hero folded before Flop (didn't bet)
Seat 5: c492c028 folded on the Flop
Seat 6: cfd8732 (button) folded before Flop (didn't bet)


Poker Hand #HD1724719249: Hold'em No Limit ($0.02/$0.05) - 2024/04/10 21:28:13
Table 'NLHBlue18' 6-max Seat #5 is the button
Seat 1: 5d7c29bf ($2.92 in chips)
Seat 2: 7de3d498 ($5 in chips)
Seat 3: 8d9b40ec ($12.64 in chips)
Seat 4: Hero ($5.52 in chips)
Seat 5: c492c028 ($3.62 in chips)
Seat 6: cfd8732 ($5.92 in chips)
cfd8732: posts small blind $0.02
5d7c29bf: posts big blind $0.05
*** HOLE CARDS ***
Dealt to 5d7c29bf 
Dealt to 7de3d498 
Dealt to 8d9b40ec 
Dealt to Hero [8s 2h]
Dealt to c492c028 
Dealt to cfd8732 
7de3d498: folds
8d9b40ec: raises $0.05 to $0.1
Hero: folds
c492c028: folds
cfd8732: folds
5d7c29bf: calls $0.05
*** FLOP *** [7h Th 3c]
5d7c29bf: bets $0.22
8d9b40ec: folds
Uncalled bet ($0.22) returned to 5d7c29bf
*** SHOWDOWN ***
5d7c29bf collected $0.21 from pot
*** SUMMARY ***
Total pot $0.22 | Rake $0.01 | Jackpot $0 | Bingo $0 | Fortune $0 | Tax $0
Board [7h Th 3c]
Seat 1: 5d7c29bf (big blind) won ($0.21)
Seat 2: 7de3d498 folded before Flop (didn't bet)
Seat 3: 8d9b40ec folded on the Flop
Seat 4: Hero folded before Flop (didn't bet)
Seat 5: c492c028 (button) folded before Flop (didn't bet)
Seat 6: cfd8732 (small blind) folded before Flop


Poker Hand #HD1724719203: Hold'em No Limit ($0.02/$0.05) - 2024/04/10 21:27:51
Table 'NLHBlue18' 6-max Seat #4 is the button
Seat 1: 5d7c29bf ($2.92 in chips)
Seat 2: 7de3d498 ($5 in chips)
Seat 3: 8d9b40ec ($12.64 in chips)
Seat 4: Hero ($5.45 in chips)
Seat 5: c492c028 ($3.64 in chips)
Seat 6: cfd8732 ($5.97 in chips)
c492c028: posts small blind $0.02
cfd8732: posts big blind $0.05
*** HOLE CARDS ***
Dealt to 5d7c29bf 
Dealt to 7de3d498 
Dealt to 8d9b40ec 
Dealt to Hero [6h As]
Dealt to c492c028 
Dealt to cfd8732 
5d7c29bf: folds
7de3d498: folds
8d9b40ec: folds
Hero: raises $0.1 to $0.15
c492c028: folds
cfd8732: folds
Uncalled bet ($0.1) returned to Hero
*** SHOWDOWN ***
Hero collected $0.12 from pot
*** SUMMARY ***
Total pot $0.12 | Rake $0 | Jackpot $0 | Bingo $0 | Fortune $0 | Tax $0
Seat 1: 5d7c29bf folded before Flop (didn't bet)
Seat 2: 7de3d498 folded before Flop (didn't bet)
Seat 3: 8d9b40ec folded before Flop (didn't bet)
Seat 4: Hero (button) collected ($0.12)
Seat 5: c492c028 (small blind) folded before Flop
Seat 6: cfd8732 (big blind) folded before Flop


Poker Hand #HD1724719123: Hold'em No Limit ($0.02/$0.05) - 2024/04/10 21:27:05
Table 'NLHBlue18' 6-max Seat #3 is the button
Seat 1: 5d7c29bf ($2.92 in chips)
Seat 2: 7de3d498 ($5 in chips)
Seat 3: 8d9b40ec ($12.64 in chips)
Seat 4: Hero ($5 in chips)
Seat 5: c492c028 ($4.14 in chips)
Seat 6: cfd8732 ($5.97 in chips)
Hero: posts small blind $0.02
c492c028: posts big blind $0.05
*** HOLE CARDS ***
Dealt to 5d7c29bf 
Dealt to 7de3d498 
Dealt to 8d9b40ec 
Dealt to Hero [Ts Jc]
Dealt to c492c028 
Dealt to cfd8732 
cfd8732: folds
5d7c29bf: folds
7de3d498: folds
8d9b40ec: folds
Hero: raises $0.1 to $0.15
c492c028: calls $0.1
*** FLOP *** [Ac Jh 9s]
Hero: checks
c492c028: bets $0.1
Hero: calls $0.1
*** TURN *** [Ac Jh 9s] [5s]
Hero: checks
c492c028: bets $0.25
Hero: calls $0.25
*** RIVER *** [Ac Jh 9s 5s] [7s]
Hero: checks
c492c028: checks
Hero: shows [Ts Jc] (Pair of Jacks)
c492c028: shows [8s 9h] (Pair of Nines)
*** SHOWDOWN ***
Hero collected $0.95 from pot
*** SUMMARY ***
Total pot $1 | Rake $0.05 | Jackpot $0 | Bingo $0 | Fortune $0 | Tax $0
Board [Ac Jh 9s 5s 7s]
Seat 1: 5d7c29bf folded before Flop (didn't bet)
Seat 2: 7de3d498 folded before Flop (didn't bet)
Seat 3: 8d9b40ec (button) folded before Flop (didn't bet)
Seat 4: Hero (small blind) showed [Ts Jc] and won ($0.95) with Pair of Jacks
Seat 5: c492c028 (big blind) showed [8s 9h] and lost with Pair of Nines
Seat 6: cfd8732 folded before Flop (didn't bet)


Poker Hand #HD1724719062: Hold'em No Limit ($0.02/$0.05) - 2024/04/10 21:26:33
Table 'NLHBlue18' 6-max Seat #2 is the button
Seat 1: 5d7c29bf ($2.92 in chips)
Seat 2: 7de3d498 ($5 in chips)
Seat 3: 8d9b40ec ($12.09 in chips)
Seat 4: Hero ($5 in chips)
Seat 5: c492c028 ($4.19 in chips)
Seat 6: cfd8732 ($5.97 in chips)
8d9b40ec: posts small blind $0.02
Hero: posts big blind $0.05
*** HOLE CARDS ***
Dealt to 5d7c29bf 
Dealt to 7de3d498 
Dealt to 8d9b40ec 
Dealt to Hero [Ah Js]
Dealt to c492c028 
Dealt to cfd8732 
c492c028: calls $0.05
cfd8732: folds
5d7c29bf: folds
7de3d498: folds
8d9b40ec: raises $0.08 to $0.13
Hero: raises $0.42 to $0.55
c492c028: folds
8d9b40ec: calls $0.42
*** FLOP *** [7c 5d 6s]
8d9b40ec: bets $0.38
Hero: folds
Uncalled bet ($0.38) returned to 8d9b40ec
*** SHOWDOWN ***
8d9b40ec collected $1.1 from pot
*** SUMMARY ***
Total pot $1.15 | Rake $0.05 | Jackpot $0 | Bingo $0 | Fortune $0 | Tax $0
Board [7c 5d 6s]
Seat 1: 5d7c29bf folded before Flop (didn't bet)
Seat 2: 7de3d498 (button) folded before Flop (didn't bet)
Seat 3: 8d9b40ec (small blind) won ($1.1)
Seat 4: Hero (big blind) folded on the Flop
Seat 5: c492c028 folded before Flop
Seat 6: cfd8732 folded before Flop (didn't bet)


Poker Hand #HD1724719005: Hold'em No Limit ($0.02/$0.05) - 2024/04/10 21:25:59
Table 'NLHBlue18' 6-max Seat #1 is the button
Seat 1: 5d7c29bf ($2.92 in chips)
Seat 2: 7de3d498 ($5.02 in chips)
Seat 3: 8d9b40ec ($11.97 in chips)
Seat 4: Hero ($5 in chips)
Seat 5: c492c028 ($4.19 in chips)
Seat 6: cfd8732 ($5.97 in chips)
7de3d498: posts small blind $0.02
8d9b40ec: posts big blind $0.05
*** HOLE CARDS ***
Dealt to 5d7c29bf 
Dealt to 7de3d498 
Dealt to 8d9b40ec 
Dealt to Hero [Th 8c]
Dealt to c492c028 
Dealt to cfd8732 
Hero: folds
c492c028: folds
cfd8732: folds
5d7c29bf: folds
7de3d498: raises $0.08 to $0.13
8d9b40ec: raises $0.26 to $0.39
7de3d498: folds
Uncalled bet ($0.26) returned to 8d9b40ec
*** SHOWDOWN ***
8d9b40ec collected $0.25 from pot
*** SUMMARY ***
Total pot $0.26 | Rake $0.01 | Jackpot $0 | Bingo $0 | Fortune $0 | Tax $0
Seat 1: 5d7c29bf (button) folded before Flop (didn't bet)
Seat 2: 7de3d498 (small blind) folded before Flop
Seat 3: 8d9b40ec (big blind) collected ($0.25)
Seat 4: Hero folded before Flop (didn't bet)
Seat 5: c492c028 folded before Flop (didn't bet)
Seat 6: cfd8732 folded before Flop (didn't bet)


Poker Hand #HD1724718922: Hold'em No Limit ($0.02/$0.05) - 2024/04/10 21:25:15
Table 'NLHBlue18' 6-max Seat #6 is the button
Seat 1: 5d7c29bf ($2.97 in chips)
Seat 2: 7de3d498 ($5.07 in chips)
Seat 3: 8d9b40ec ($12.09 in chips)
Seat 4: Hero ($5 in chips)
Seat 5: c492c028 ($3.98 in chips)
Seat 6: cfd8732 ($5.97 in chips)
5d7c29bf: posts small blind $0.02
7de3d498: posts big blind $0.05
*** HOLE CARDS ***
Dealt to 5d7c29bf 
Dealt to 7de3d498 
Dealt to 8d9b40ec 
Dealt to Hero [6d 2s]
Dealt to c492c028 
Dealt to cfd8732 
8d9b40ec: calls $0.05
Hero: folds
c492c028: calls $0.05
cfd8732: folds
5d7c29bf: calls $0.03
7de3d498: checks
*** FLOP *** [2h 2c Ad]
5d7c29bf: checks
7de3d498: checks
8d9b40ec: bets $0.07
c492c028: raises $0.07 to $0.14
5d7c29bf: folds
7de3d498: folds
8d9b40ec: folds
Uncalled bet ($0.07) returned to c492c028
*** SHOWDOWN ***
c492c028 collected $0.33 from pot
*** SUMMARY ***
Total pot $0.34 | Rake $0.01 | Jackpot $0 | Bingo $0 | Fortune $0 | Tax $0
Board [2h 2c Ad]
Seat 1: 5d7c29bf (small blind) folded on the Flop
Seat 2: 7de3d498 (big blind) folded on the Flop
Seat 3: 8d9b40ec folded on the Flop
Seat 4: Hero folded before Flop (didn't bet)
Seat 5: c492c028 won ($0.33)
Seat 6: cfd8732 (button) folded before Flop (didn't bet)


Poker Hand #HD1724718818: Hold'em No Limit ($0.02/$0.05) - 2024/04/10 21:24:23
Table 'NLHBlue18' 6-max Seat #5 is the button
Seat 1: 5d7c29bf ($2.7 in chips)
Seat 2: 7de3d498 ($5.07 in chips)
Seat 3: 8d9b40ec ($12.09 in chips)
Seat 4: Hero ($5.28 in chips)
Seat 5: c492c028 ($3.98 in chips)
Seat 6: cfd8732 ($5.99 in chips)
cfd8732: posts small blind $0.02
5d7c29bf: posts big blind $0.05
*** HOLE CARDS ***
Dealt to 5d7c29bf 
Dealt to 7de3d498 
Dealt to 8d9b40ec 
Dealt to Hero [7h 9h]
Dealt to c492c028 
Dealt to cfd8732 
7de3d498: folds
8d9b40ec: folds
Hero: raises $0.08 to $0.13
c492c028: folds
cfd8732: folds
5d7c29bf: calls $0.08
*** FLOP *** [6d As 5d]
5d7c29bf: checks
Hero: bets $0.15
5d7c29bf: calls $0.15
*** TURN *** [6d As 5d] [3c]
5d7c29bf: checks
Hero: checks
*** RIVER *** [6d As 5d 3c] [Qh]
5d7c29bf: bets $0.3
Hero: folds
Uncalled bet ($0.3) returned to 5d7c29bf
*** SHOWDOWN ***
5d7c29bf collected $0.55 from pot
*** SUMMARY ***
Total pot $0.58 | Rake $0.03 | Jackpot $0 | Bingo $0 | Fortune $0 | Tax $0
Board [6d As 5d 3c Qh]
Seat 1: 5d7c29bf (big blind) won ($0.55)
Seat 2: 7de3d498 folded before Flop (didn't bet)
Seat 3: 8d9b40ec folded before Flop (didn't bet)
Seat 4: Hero folded on the River
Seat 5: c492c028 (button) folded before Flop (didn't bet)
Seat 6: cfd8732 (small blind) folded before Flop


Poker Hand #HD1724718615: Hold'em No Limit ($0.02/$0.05) - 2024/04/10 21:22:48
Table 'NLHBlue18' 6-max Seat #4 is the button
Seat 1: 5d7c29bf ($6.66 in chips)
Seat 2: 7de3d498 ($5.07 in chips)
Seat 3: 8d9b40ec ($8.5 in chips)
Seat 4: Hero ($5.28 in chips)
Seat 5: c492c028 ($4 in chips)
Seat 6: cfd8732 ($6.04 in chips)
c492c028: posts small blind $0.02
cfd8732: posts big blind $0.05
*** HOLE CARDS ***
Dealt to 5d7c29bf 
Dealt to 7de3d498 
Dealt to 8d9b40ec 
Dealt to Hero [Ts 2d]
Dealt to c492c028 
Dealt to cfd8732 
5d7c29bf: raises $0.05 to $0.1
7de3d498: folds
8d9b40ec: raises $0.05 to $0.15
Hero: folds
c492c028: folds
cfd8732: folds
5d7c29bf: raises $0.13 to $0.28
8d9b40ec: calls $0.13
*** FLOP *** [4c 4d Kc]
5d7c29bf: bets $0.48
8d9b40ec: calls $0.48
*** TURN *** [4c 4d Kc] [3s]
5d7c29bf: bets $1.2
8d9b40ec: calls $1.2
*** RIVER *** [4c 4d Kc 3s] [7h]
5d7c29bf: bets $2
8d9b40ec: calls $2
5d7c29bf: shows [As Jh] (Pair of Fours)
8d9b40ec: shows [Qc Kd] (Pair of Kings and Pair of Fours)
*** SHOWDOWN ***
8d9b40ec collected $7.55 from pot
*** SUMMARY ***
Total pot $7.99 | Rake $0.39 | Jackpot $0.05 | Bingo $0 | Fortune $0 | Tax $0
Board [4c 4d Kc 3s 7h]
Seat 1: 5d7c29bf showed [As Jh] and lost with Pair of Fours
Seat 2: 7de3d498 folded before Flop (didn't bet)
Seat 3: 8d9b40ec showed [Qc Kd] and won ($7.55) with Pair of Kings and Pair of Fours
Seat 4: Hero (button) folded before Flop (didn't bet)
Seat 5: c492c028 (small blind) folded before Flop
Seat 6: cfd8732 (big blind) folded before Flop


Poker Hand #HD1724718560: Hold'em No Limit ($0.02/$0.05) - 2024/04/10 21:22:19
Table 'NLHBlue18' 6-max Seat #3 is the button
Seat 1: 5d7c29bf ($6.66 in chips)
Seat 2: 7de3d498 ($5 in chips)
Seat 3: 8d9b40ec ($8.5 in chips)
Seat 4: Hero ($5.3 in chips)
Seat 5: c492c028 ($4.05 in chips)
Seat 6: cfd8732 ($6.04 in chips)
Hero: posts small blind $0.02
c492c028: posts big blind $0.05
*** HOLE CARDS ***
Dealt to 5d7c29bf 
Dealt to 7de3d498 
Dealt to 8d9b40ec 
Dealt to Hero [3s Ah]
Dealt to c492c028 
Dealt to cfd8732 
cfd8732: folds
5d7c29bf: folds
7de3d498: raises $0.08 to $0.13
8d9b40ec: folds
Hero: folds
c492c028: folds
Uncalled bet ($0.08) returned to 7de3d498
*** SHOWDOWN ***
7de3d498 collected $0.12 from pot
*** SUMMARY ***
Total pot $0.12 | Rake $0 | Jackpot $0 | Bingo $0 | Fortune $0 | Tax $0
Seat 1: 5d7c29bf folded before Flop (didn't bet)
Seat 2: 7de3d498 collected ($0.12)
Seat 3: 8d9b40ec (button) folded before Flop (didn't bet)
Seat 4: Hero (small blind) folded before Flop
Seat 5: c492c028 (big blind) folded before Flop
Seat 6: cfd8732 folded before Flop (didn't bet)


Poker Hand #HD1724718535: Hold'em No Limit ($0.02/$0.05) - 2024/04/10 21:22:06
Table 'NLHBlue18' 6-max Seat #2 is the button
Seat 1: 5d7c29bf ($6.66 in chips)
Seat 2: 7de3d498 ($5 in chips)
Seat 3: 8d9b40ec ($8.52 in chips)
Seat 4: Hero ($5.28 in chips)
Seat 5: c492c028 ($4.05 in chips)
Seat 6: cfd8732 ($6.04 in chips)
8d9b40ec: posts small blind $0.02
Hero: posts big blind $0.05
*** HOLE CARDS ***
Dealt to 5d7c29bf 
Dealt to 7de3d498 
Dealt to 8d9b40ec 
Dealt to Hero [Kh 7h]
Dealt to c492c028 
Dealt to cfd8732 
c492c028: folds
cfd8732: folds
5d7c29bf: folds
7de3d498: folds
8d9b40ec: folds
Uncalled bet ($0.03) returned to Hero
*** SHOWDOWN ***
Hero collected $0.04 from pot
*** SUMMARY ***
Total pot $0.04 | Rake $0 | Jackpot $0 | Bingo $0 | Fortune $0 | Tax $0
Seat 1: 5d7c29bf folded before Flop (didn't bet)
Seat 2: 7de3d498 (button) folded before Flop (didn't bet)
Seat 3: 8d9b40ec (small blind) folded before Flop
Seat 4: Hero (big blind) collected ($0.04)
Seat 5: c492c028 folded before Flop (didn't bet)
Seat 6: cfd8732 folded before Flop (didn't bet)


Poker Hand #HD1724718466: Hold'em No Limit ($0.02/$0.05) - 2024/04/10 21:21:30
Table 'NLHBlue18' 6-max Seat #1 is the button
Seat 1: 5d7c29bf ($6.66 in chips)
Seat 2: 7de3d498 ($5.06 in chips)
Seat 3: 8d9b40ec ($8.4 in chips)
Seat 4: Hero ($5.28 in chips)
Seat 5: c492c028 ($4.05 in chips)
Seat 6: cfd8732 ($6.04 in chips)
7de3d498: posts small blind $0.02
8d9b40ec: posts big blind $0.05
*** HOLE CARDS ***
Dealt to 5d7c29bf 
Dealt to 7de3d498 
Dealt to 8d9b40ec 
Dealt to Hero [3s 8s]
Dealt to c492c028 
Dealt to cfd8732 
Hero: folds
c492c028: folds
cfd8732: folds
5d7c29bf: folds
7de3d498: raises $0.08 to $0.13
8d9b40ec: calls $0.08
*** FLOP *** [6h Kd 9h]
7de3d498: checks
8d9b40ec: bets $0.09
7de3d498: folds
Uncalled bet ($0.09) returned to 8d9b40ec
*** SHOWDOWN ***
8d9b40ec collected $0.25 from pot
*** SUMMARY ***
Total pot $0.26 | Rake $0.01 | Jackpot $0 | Bingo $0 | Fortune $0 | Tax $0
Board [6h Kd 9h]
Seat 1: 5d7c29bf (button) folded before Flop (didn't bet)
Seat 2: 7de3d498 (small blind) folded on the Flop
Seat 3: 8d9b40ec (big blind) won ($0.25)
Seat 4: Hero folded before Flop (didn't bet)
Seat 5: c492c028 folded before Flop (didn't bet)
Seat 6: cfd8732 folded before Flop (didn't bet)


Poker Hand #HD1724718387: Hold'em No Limit ($0.02/$0.05) - 2024/04/10 21:20:54
Table 'NLHBlue18' 6-max Seat #6 is the button
Seat 1: 5d7c29bf ($6.71 in chips)
Seat 2: 7de3d498 ($5.11 in chips)
Seat 3: 8d9b40ec ($8.4 in chips)
Seat 4: Hero ($5.28 in chips)
Seat 5: c492c028 ($3.95 in chips)
Seat 6: cfd8732 ($6.04 in chips)
5d7c29bf: posts small blind $0.02
7de3d498: posts big blind $0.05
*** HOLE CARDS ***
Dealt to 5d7c29bf 
Dealt to 7de3d498 
Dealt to 8d9b40ec 
Dealt to Hero [Tc 8s]
Dealt to c492c028 
Dealt to cfd8732 
8d9b40ec: folds
Hero: folds
c492c028: calls $0.05
cfd8732: folds
5d7c29bf: calls $0.03
7de3d498: checks
*** FLOP *** [9c Qc Ah]
5d7c29bf: checks
7de3d498: checks
c492c028: bets $0.08
5d7c29bf: folds
7de3d498: folds
Uncalled bet ($0.08) returned to c492c028
*** SHOWDOWN ***
c492c028 collected $0.15 from pot
*** SUMMARY ***
Total pot $0.15 | Rake $0 | Jackpot $0 | Bingo $0 | Fortune $0 | Tax $0
Board [9c Qc Ah]
Seat 1: 5d7c29bf (small blind) folded on the Flop
Seat 2: 7de3d498 (big blind) folded on the Flop
Seat 3: 8d9b40ec folded before Flop (didn't bet)
Seat 4: Hero folded before Flop (didn't bet)
Seat 5: c492c028 won ($0.15)
Seat 6: cfd8732 (button) folded before Flop (didn't bet)


Poker Hand #HD1724718366: Hold'em No Limit ($0.02/$0.05) - 2024/04/10 21:20:42
Table 'NLHBlue18' 6-max Seat #5 is the button
Seat 1: 5d7c29bf ($6.69 in chips)
Seat 2: 7de3d498 ($5.11 in chips)
Seat 3: 8d9b40ec ($8.4 in chips)
Seat 4: Hero ($5.28 in chips)
Seat 5: c492c028 ($3.95 in chips)
Seat 6: cfd8732 ($6.06 in chips)
cfd8732: posts small blind $0.02
5d7c29bf: posts big blind $0.05
*** HOLE CARDS ***
Dealt to 5d7c29bf 
Dealt to 7de3d498 
Dealt to 8d9b40ec 
Dealt to Hero [6d 2h]
Dealt to c492c028 
Dealt to cfd8732 
7de3d498: folds
8d9b40ec: folds
Hero: folds
c492c028: folds
cfd8732: folds
Uncalled bet ($0.03) returned to 5d7c29bf
*** SHOWDOWN ***
5d7c29bf collected $0.04 from pot
*** SUMMARY ***
Total pot $0.04 | Rake $0 | Jackpot $0 | Bingo $0 | Fortune $0 | Tax $0
Seat 1: 5d7c29bf (big blind) collected ($0.04)
Seat 2: 7de3d498 folded before Flop (didn't bet)
Seat 3: 8d9b40ec folded before Flop (didn't bet)
Seat 4: Hero folded before Flop (didn't bet)
Seat 5: c492c028 (button) folded before Flop (didn't bet)
Seat 6: cfd8732 (small blind) folded before Flop


Poker Hand #HD1724718264: Hold'em No Limit ($0.02/$0.05) - 2024/04/10 21:19:43
Table 'NLHBlue18' 6-max Seat #4 is the button
Seat 1: 5d7c29bf ($6.69 in chips)
Seat 2: 7de3d498 ($5.11 in chips)
Seat 3: 8d9b40ec ($9.77 in chips)
Seat 4: Hero ($5.28 in chips)
Seat 5: c492c028 ($3.97 in chips)
Seat 6: cfd8732 ($4.85 in chips)
c492c028: posts small blind $0.02
cfd8732: posts big blind $0.05
*** HOLE CARDS ***
Dealt to 5d7c29bf 
Dealt to 7de3d498 
Dealt to 8d9b40ec 
Dealt to Hero [8d 7h]
Dealt to c492c028 
Dealt to cfd8732 
5d7c29bf: folds
7de3d498: folds
8d9b40ec: raises $0.1 to $0.15
Hero: folds
c492c028: folds
cfd8732: raises $0.3 to $0.45
8d9b40ec: calls $0.3
*** FLOP *** [6h 3c 7d]
cfd8732: bets $0.46
8d9b40ec: raises $0.46 to $0.92
cfd8732: calls $0.46
*** TURN *** [6h 3c 7d] [3s]
cfd8732: checks
8d9b40ec: checks
*** RIVER *** [6h 3c 7d 3s] [8c]
cfd8732: bets $1.38
8d9b40ec: folds
Uncalled bet ($1.38) returned to cfd8732
8d9b40ec: shows [Ah] (Pair of Treys)
*** SHOWDOWN ***
cfd8732 collected $2.58 from pot
*** SUMMARY ***
Total pot $2.76 | Rake $0.13 | Jackpot $0.05 | Bingo $0 | Fortune $0 | Tax $0
Board [6h 3c 7d 3s 8c]
Seat 1: 5d7c29bf folded before Flop (didn't bet)
Seat 2: 7de3d498 folded before Flop (didn't bet)
Seat 3: 8d9b40ec folded on the River
Seat 4: Hero (button) folded before Flop (didn't bet)
Seat 5: c492c028 (small blind) folded before Flop
Seat 6: cfd8732 (big blind) won ($2.58)


Poker Hand #HD1724718247: Hold'em No Limit ($0.02/$0.05) - 2024/04/10 21:19:35
Table 'NLHBlue18' 6-max Seat #3 is the button
Seat 1: 5d7c29bf ($6.69 in chips)
Seat 2: 7de3d498 ($5.11 in chips)
Seat 3: 8d9b40ec ($9.77 in chips)
Seat 4: Hero ($5.3 in chips)
Seat 5: c492c028 ($3.95 in chips)
Seat 6: cfd8732 ($4.85 in chips)
Hero: posts small blind $0.02
c492c028: posts big blind $0.05
*** HOLE CARDS ***
Dealt to 5d7c29bf 
Dealt to 7de3d498 
Dealt to 8d9b40ec 
Dealt to Hero [7c 6h]
Dealt to c492c028 
Dealt to cfd8732 
cfd8732: folds
5d7c29bf: folds
7de3d498: folds
8d9b40ec: folds
Hero: folds
Uncalled bet ($0.03) returned to c492c028
*** SHOWDOWN ***
c492c028 collected $0.04 from pot
*** SUMMARY ***
Total pot $0.04 | Rake $0 | Jackpot $0 | Bingo $0 | Fortune $0 | Tax $0
Seat 1: 5d7c29bf folded before Flop (didn't bet)
Seat 2: 7de3d498 folded before Flop (didn't bet)
Seat 3: 8d9b40ec (button) folded before Flop (didn't bet)
Seat 4: Hero (small blind) folded before Flop
Seat 5: c492c028 (big blind) collected ($0.04)
Seat 6: cfd8732 folded before Flop (didn't bet)


Poker Hand #HD1724718172: Hold'em No Limit ($0.02/$0.05) - 2024/04/10 21:18:56
Table 'NLHBlue18' 6-max Seat #2 is the button
Seat 1: 5d7c29bf ($6.69 in chips)
Seat 2: 7de3d498 ($5.11 in chips)
Seat 3: 8d9b40ec ($9.79 in chips)
Seat 4: Hero ($5.14 in chips)
Seat 5: c492c028 ($3.95 in chips)
Seat 6: cfd8732 ($5 in chips)
8d9b40ec: posts small blind $0.02
Hero: posts big blind $0.05
*** HOLE CARDS ***
Dealt to 5d7c29bf 
Dealt to 7de3d498 
Dealt to 8d9b40ec 
Dealt to Hero [Jc Jh]
Dealt to c492c028 
Dealt to cfd8732 
c492c028: folds
cfd8732: raises $0.1 to $0.15
5d7c29bf: folds
7de3d498: folds
8d9b40ec: folds
Hero: raises $0.4 to $0.55
cfd8732: folds
Uncalled bet ($0.4) returned to Hero
*** SHOWDOWN ***
Hero collected $0.31 from pot
*** SUMMARY ***
Total pot $0.32 | Rake $0.01 | Jackpot $0 | Bingo $0 | Fortune $0 | Tax $0
Seat 1: 5d7c29bf folded before Flop (didn't bet)
Seat 2: 7de3d498 (button) folded before Flop (didn't bet)
Seat 3: 8d9b40ec (small blind) folded before Flop
Seat 4: Hero (big blind) collected ($0.31)
Seat 5: c492c028 folded before Flop (didn't bet)
Seat 6: cfd8732 folded before Flop


Poker Hand #HD1724718134: Hold'em No Limit ($0.02/$0.05) - 2024/04/10 21:18:40
Table 'NLHBlue18' 6-max Seat #1 is the button
Seat 1: 5d7c29bf ($6.69 in chips)
Seat 2: 7de3d498 ($5.13 in chips)
Seat 3: 8d9b40ec ($9.77 in chips)
Seat 4: Hero ($5.14 in chips)
Seat 5: c492c028 ($3.95 in chips)
Seat 6: cfd8732 ($5 in chips)
7de3d498: posts small blind $0.02
8d9b40ec: posts big blind $0.05
*** HOLE CARDS ***
Dealt to 5d7c29bf 
Dealt to 7de3d498 
Dealt to 8d9b40ec 
Dealt to Hero [2c Qs]
Dealt to c492c028 
Dealt to cfd8732 
Hero: folds
c492c028: folds
cfd8732: folds
5d7c29bf: folds
7de3d498: folds
Uncalled bet ($0.03) returned to 8d9b40ec
*** SHOWDOWN ***
8d9b40ec collected $0.04 from pot
*** SUMMARY ***
Total pot $0.04 | Rake $0 | Jackpot $0 | Bingo $0 | Fortune $0 | Tax $0
Seat 1: 5d7c29bf (button) folded before Flop (didn't bet)
Seat 2: 7de3d498 (small blind) folded before Flop
Seat 3: 8d9b40ec (big blind) collected ($0.04)
Seat 4: Hero folded before Flop (didn't bet)
Seat 5: c492c028 folded before Flop (didn't bet)
Seat 6: cfd8732 folded before Flop (didn't bet)


Poker Hand #HD1724718072: Hold'em No Limit ($0.02/$0.05) - 2024/04/10 21:18:08
Table 'NLHBlue18' 6-max Seat #6 is the button
Seat 1: 5d7c29bf ($6.74 in chips)
Seat 2: 7de3d498 ($5.18 in chips)
Seat 3: 8d9b40ec ($9.77 in chips)
Seat 4: Hero ($5.14 in chips)
Seat 5: c492c028 ($3.85 in chips)
Seat 6: cfd8732 ($4.36 in chips)
5d7c29bf: posts small blind $0.02
7de3d498: posts big blind $0.05
*** HOLE CARDS ***
Dealt to 5d7c29bf 
Dealt to 7de3d498 
Dealt to 8d9b40ec 
Dealt to Hero [5h Qs]
Dealt to c492c028 
Dealt to cfd8732 
8d9b40ec: folds
Hero: folds
c492c028: calls $0.05
cfd8732: folds
5d7c29bf: calls $0.03
7de3d498: checks
*** FLOP *** [Ad 6s Kh]
5d7c29bf: checks
7de3d498: checks
c492c028: bets $0.05
5d7c29bf: folds
7de3d498: folds
Uncalled bet ($0.05) returned to c492c028
*** SHOWDOWN ***
c492c028 collected $0.15 from pot
*** SUMMARY ***
Total pot $0.15 | Rake $0 | Jackpot $0 | Bingo $0 | Fortune $0 | Tax $0
Board [Ad 6s Kh]
Seat 1: 5d7c29bf (small blind) folded on the Flop
Seat 2: 7de3d498 (big blind) folded on the Flop
Seat 3: 8d9b40ec folded before Flop (didn't bet)
Seat 4: Hero folded before Flop (didn't bet)
Seat 5: c492c028 won ($0.15)
Seat 6: cfd8732 (button) folded before Flop (didn't bet)


Poker Hand #HD1724718046: Hold'em No Limit ($0.02/$0.05) - 2024/04/10 21:17:51
Table 'NLHBlue18' 6-max Seat #5 is the button
Seat 1: 5d7c29bf ($6.79 in chips)
Seat 2: 7de3d498 ($5.18 in chips)
Seat 3: 8d9b40ec ($9.7 in chips)
Seat 4: Hero ($5.14 in chips)
Seat 5: c492c028 ($3.85 in chips)
Seat 6: cfd8732 ($4.38 in chips)
cfd8732: posts small blind $0.02
5d7c29bf: posts big blind $0.05
*** HOLE CARDS ***
Dealt to 5d7c29bf 
Dealt to 7de3d498 
Dealt to 8d9b40ec 
Dealt to Hero [9c Kc]
Dealt to c492c028 
Dealt to cfd8732 
7de3d498: folds
8d9b40ec: raises $0.1 to $0.15
Hero: folds
c492c028: folds
cfd8732: folds
5d7c29bf: folds
Uncalled bet ($0.1) returned to 8d9b40ec
*** SHOWDOWN ***
8d9b40ec collected $0.12 from pot
*** SUMMARY ***
Total pot $0.12 | Rake $0 | Jackpot $0 | Bingo $0 | Fortune $0 | Tax $0
Seat 1: 5d7c29bf (big blind) folded before Flop
Seat 2: 7de3d498 folded before Flop (didn't bet)
Seat 3: 8d9b40ec collected ($0.12)
Seat 4: Hero folded before Flop (didn't bet)
Seat 5: c492c028 (button) folded before Flop (didn't bet)
Seat 6: cfd8732 (small blind) folded before Flop


Poker Hand #HD1724717917: Hold'em No Limit ($0.02/$0.05) - 2024/04/10 21:16:46
Table 'NLHBlue18' 6-max Seat #4 is the button
Seat 1: 5d7c29bf ($6.79 in chips)
Seat 2: 7de3d498 ($5.18 in chips)
Seat 3: 8d9b40ec ($9.35 in chips)
Seat 4: Hero ($5.14 in chips)
Seat 5: c492c028 ($3.87 in chips)
Seat 6: cfd8732 ($4.74 in chips)
c492c028: posts small blind $0.02
cfd8732: posts big blind $0.05
*** HOLE CARDS ***
Dealt to 5d7c29bf 
Dealt to 7de3d498 
Dealt to 8d9b40ec 
Dealt to Hero [Ah 2d]
Dealt to c492c028 
Dealt to cfd8732 
5d7c29bf: folds
7de3d498: folds
8d9b40ec: raises $0.05 to $0.1
Hero: folds
c492c028: folds
cfd8732: calls $0.05
*** FLOP *** [8d 7s Kh]
cfd8732: checks
8d9b40ec: bets $0.11
cfd8732: calls $0.11
*** TURN *** [8d 7s Kh] [Jc]
cfd8732: checks
8d9b40ec: bets $0.15
cfd8732: calls $0.15
*** RIVER *** [8d 7s Kh Jc] [2c]
cfd8732: checks
8d9b40ec: checks
cfd8732: shows [6h 5d] (King-High)
8d9b40ec: shows [3d Kc] (Pair of Kings)
*** SHOWDOWN ***
8d9b40ec collected $0.71 from pot
*** SUMMARY ***
Total pot $0.74 | Rake $0.03 | Jackpot $0 | Bingo $0 | Fortune $0 | Tax $0
Board [8d 7s Kh Jc 2c]
Seat 1: 5d7c29bf folded before Flop (didn't bet)
Seat 2: 7de3d498 folded before Flop (didn't bet)
Seat 3: 8d9b40ec showed [3d Kc] and won ($0.71) with Pair of Kings
Seat 4: Hero (button) folded before Flop (didn't bet)
Seat 5: c492c028 (small blind) folded before Flop
Seat 6: cfd8732 (big blind) showed [6h 5d] and lost with King-High


Poker Hand #HD1724717858: Hold'em No Limit ($0.02/$0.05) - 2024/04/10 21:16:17
Table 'NLHBlue18' 6-max Seat #3 is the button
Seat 1: 5d7c29bf ($6.79 in chips)
Seat 2: 7de3d498 ($5.18 in chips)
Seat 3: 8d9b40ec ($9.35 in chips)
Seat 4: Hero ($5 in chips)
Seat 5: c492c028 ($4.02 in chips)
Seat 6: cfd8732 ($4.74 in chips)
Hero: posts small blind $0.02
c492c028: posts big blind $0.05
*** HOLE CARDS ***
Dealt to 5d7c29bf 
Dealt to 7de3d498 
Dealt to 8d9b40ec 
Dealt to Hero [Ad Qs]
Dealt to c492c028 
Dealt to cfd8732 
cfd8732: folds
5d7c29bf: folds
7de3d498: folds
8d9b40ec: folds
Hero: raises $0.1 to $0.15
c492c028: calls $0.1
*** FLOP *** [Kc 4s 3h]
Hero: bets $0.15
c492c028: folds
Uncalled bet ($0.15) returned to Hero
*** SHOWDOWN ***
Hero collected $0.29 from pot
*** SUMMARY ***
Total pot $0.3 | Rake $0.01 | Jackpot $0 | Bingo $0 | Fortune $0 | Tax $0
Board [Kc 4s 3h]
Seat 1: 5d7c29bf folded before Flop (didn't bet)
Seat 2: 7de3d498 folded before Flop (didn't bet)
Seat 3: 8d9b40ec (button) folded before Flop (didn't bet)
Seat 4: Hero (small blind) won ($0.29)
Seat 5: c492c028 (big blind) folded on the Flop
Seat 6: cfd8732 folded before Flop (didn't bet)


Poker Hand #HD1724717780: Hold'em No Limit ($0.02/$0.05) - 2024/04/10 21:15:34
Table 'NLHBlue18' 6-max Seat #2 is the button
Seat 1: 5d7c29bf ($6.84 in chips)
Seat 2: 7de3d498 ($5.18 in chips)
Seat 3: 8d9b40ec ($9.37 in chips)
Seat 4: Hero ($5 in chips)
Seat 5: c492c028 ($3.86 in chips)
Seat 6: cfd8732 ($4.74 in chips)
8d9b40ec: posts small blind $0.02
Hero: posts big blind $0.05
*** HOLE CARDS ***
Dealt to 5d7c29bf 
Dealt to 7de3d498 
Dealt to 8d9b40ec 
Dealt to Hero [3d 5s]
Dealt to c492c028 
Dealt to cfd8732 
c492c028: calls $0.05
cfd8732: folds
5d7c29bf: calls $0.05
7de3d498: folds
8d9b40ec: folds
Hero: checks
*** FLOP *** [3h 7s Ad]
Hero: checks
c492c028: bets $0.05
5d7c29bf: folds
Hero: calls $0.05
*** TURN *** [3h 7s Ad] [Th]
Hero: checks
c492c028: bets $0.14
Hero: folds
Uncalled bet ($0.14) returned to c492c028
*** SHOWDOWN ***
c492c028 collected $0.26 from pot
*** SUMMARY ***
Total pot $0.27 | Rake $0.01 | Jackpot $0 | Bingo $0 | Fortune $0 | Tax $0
Board [3h 7s Ad Th]
Seat 1: 5d7c29bf folded on the Flop
Seat 2: 7de3d498 (button) folded before Flop (didn't bet)
Seat 3: 8d9b40ec (small blind) folded before Flop
Seat 4: Hero (big blind) folded on the Turn
Seat 5: c492c028 won ($0.26)
Seat 6: cfd8732 folded before Flop (didn't bet)


Poker Hand #HD1724717642: Hold'em No Limit ($0.02/$0.05) - 2024/04/10 21:14:23
Table 'NLHBlue18' 6-max Seat #1 is the button
Seat 1: 5d7c29bf ($6.84 in chips)
Seat 2: 7de3d498 ($5.2 in chips)
Seat 3: 8d9b40ec ($9.68 in chips)
Seat 4: Hero ($5.68 in chips)
Seat 5: c492c028 ($2.88 in chips)
Seat 6: cfd8732 ($4.74 in chips)
7de3d498: posts small blind $0.02
8d9b40ec: posts big blind $0.05
*** HOLE CARDS ***
Dealt to 5d7c29bf 
Dealt to 7de3d498 
Dealt to 8d9b40ec 
Dealt to Hero [As Qc]
Dealt to c492c028 
Dealt to cfd8732 
Hero: raises $0.05 to $0.1
c492c028: calls $0.1
cfd8732: folds
5d7c29bf: folds
7de3d498: folds
8d9b40ec: raises $0.05 to $0.15
Hero: calls $0.05
c492c028: calls $0.05
*** FLOP *** [Qh 2s 8h]
8d9b40ec: bets $0.16
Hero: calls $0.16
c492c028: calls $0.16
*** TURN *** [Qh 2s 8h] [Jh]
8d9b40ec: checks
Hero: checks
c492c028: bets $0.48
8d9b40ec: folds
Hero: calls $0.48
*** RIVER *** [Qh 2s 8h Jh] [Td]
Hero: checks
c492c028: checks
Hero: shows [As Qc] (Pair of Queens)
c492c028: shows [Ts 9h] (Queens-High Straight)
*** SHOWDOWN ***
c492c028 collected $1.77 from pot
*** SUMMARY ***
Total pot $1.91 | Rake $0.09 | Jackpot $0.05 | Bingo $0 | Fortune $0 | Tax $0
Board [Qh 2s 8h Jh Td]
Seat 1: 5d7c29bf (button) folded before Flop (didn't bet)
Seat 2: 7de3d498 (small blind) folded before Flop
Seat 3: 8d9b40ec (big blind) folded on the Turn
Seat 4: Hero showed [As Qc] and lost with Pair of Queens
Seat 5: c492c028 showed [Ts 9h] and won ($1.77) with Queens-High Straight
Seat 6: cfd8732 folded before Flop (didn't bet)


Poker Hand #HD1724717577: Hold'em No Limit ($0.02/$0.05) - 2024/04/10 21:13:46
Table 'NLHBlue18' 6-max Seat #6 is the button
Seat 1: 5d7c29bf ($6.86 in chips)
Seat 2: 7de3d498 ($5.25 in chips)
Seat 3: 8d9b40ec ($11 in chips)
Seat 4: Hero ($5.68 in chips)
Seat 5: c492c028 ($1.67 in chips)
Seat 6: cfd8732 ($4.74 in chips)
5d7c29bf: posts small blind $0.02
7de3d498: posts big blind $0.05
*** HOLE CARDS ***
Dealt to 5d7c29bf 
Dealt to 7de3d498 
Dealt to 8d9b40ec 
Dealt to Hero [9h 9c]
Dealt to c492c028 
Dealt to cfd8732 
8d9b40ec: raises $0.05 to $0.1
Hero: folds
c492c028: calls $0.1
cfd8732: folds
5d7c29bf: folds
7de3d498: folds
*** FLOP *** [Qd Tc Th]
8d9b40ec: bets $0.09
c492c028: calls $0.09
*** TURN *** [Qd Tc Th] [Js]
8d9b40ec: bets $0.45
c492c028: calls $0.45
*** RIVER *** [Qd Tc Th Js] [4d]
8d9b40ec: bets $0.68
c492c028: calls $0.68
8d9b40ec: shows [6h Ah] (Pair of Tens)
c492c028: shows [3h Qh] (Pair of Queens and Pair of Tens)
*** SHOWDOWN ***
c492c028 collected $2.53 from pot
*** SUMMARY ***
Total pot $2.71 | Rake $0.13 | Jackpot $0.05 | Bingo $0 | Fortune $0 | Tax $0
Board [Qd Tc Th Js 4d]
Seat 1: 5d7c29bf (small blind) folded before Flop
Seat 2: 7de3d498 (big blind) folded before Flop
Seat 3: 8d9b40ec showed [6h Ah] and lost with Pair of Tens
Seat 4: Hero folded before Flop (didn't bet)
Seat 5: c492c028 showed [3h Qh] and won ($2.53) with Pair of Queens and Pair of Tens
Seat 6: cfd8732 (button) folded before Flop (didn't bet)


Poker Hand #HD1724717423: Hold'em No Limit ($0.02/$0.05) - 2024/04/10 21:12:21
Table 'NLHBlue18' 6-max Seat #5 is the button
Seat 1: 5d7c29bf ($6.3 in chips)
Seat 2: 7de3d498 ($5.43 in chips)
Seat 3: 8d9b40ec ($11 in chips)
Seat 4: Hero ($5.68 in chips)
Seat 5: c492c028 ($2.09 in chips)
Seat 6: cfd8732 ($4.76 in chips)
cfd8732: posts small blind $0.02
5d7c29bf: posts big blind $0.05
*** HOLE CARDS ***
Dealt to 5d7c29bf 
Dealt to 7de3d498 
Dealt to 8d9b40ec 
Dealt to Hero [2d 4h]
Dealt to c492c028 
Dealt to cfd8732 
7de3d498: raises $0.08 to $0.13
8d9b40ec: folds
Hero: folds
c492c028: calls $0.13
cfd8732: folds
5d7c29bf: calls $0.08
*** FLOP *** [Qd Ad Th]
5d7c29bf: checks
7de3d498: checks
c492c028: bets $0.05
5d7c29bf: calls $0.05
7de3d498: calls $0.05
*** TURN *** [Qd Ad Th] [Js]
5d7c29bf: checks
7de3d498: checks
c492c028: bets $0.19
5d7c29bf: calls $0.19
7de3d498: folds
*** RIVER *** [Qd Ad Th Js] [9c]
5d7c29bf: bets $0.05
c492c028: calls $0.05
5d7c29bf: shows [Kd 5s] (Aces-High Straight)
c492c028: shows [3c 3s] (Pair of Treys)
*** SHOWDOWN ***
5d7c29bf collected $0.98 from pot
*** SUMMARY ***
Total pot $1.04 | Rake $0.06 | Jackpot $0 | Bingo $0 | Fortune $0 | Tax $0
Board [Qd Ad Th Js 9c]
Seat 1: 5d7c29bf (big blind) showed [Kd 5s] and won ($0.98) with Aces-High Straight
Seat 2: 7de3d498 folded on the Turn
Seat 3: 8d9b40ec folded before Flop (didn't bet)
Seat 4: Hero folded before Flop (didn't bet)
Seat 5: c492c028 (button) showed [3c 3s] and lost with Pair of Treys
Seat 6: cfd8732 (small blind) folded before Flop


Poker Hand #HD1724717371: Hold'em No Limit ($0.02/$0.05) - 2024/04/10 21:11:51
Table 'NLHBlue18' 6-max Seat #4 is the button
Seat 1: 5d7c29bf ($6.3 in chips)
Seat 2: 7de3d498 ($5.43 in chips)
Seat 3: 8d9b40ec ($10.89 in chips)
Seat 4: Hero ($5.68 in chips)
Seat 5: c492c028 ($2.11 in chips)
Seat 6: cfd8732 ($4.86 in chips)
c492c028: posts small blind $0.02
cfd8732: posts big blind $0.05
*** HOLE CARDS ***
Dealt to 5d7c29bf 
Dealt to 7de3d498 
Dealt to 8d9b40ec 
Dealt to Hero [5s 9s]
Dealt to c492c028 
Dealt to cfd8732 
5d7c29bf: folds
7de3d498: folds
8d9b40ec: raises $0.05 to $0.1
Hero: folds
c492c028: folds
cfd8732: calls $0.05
*** FLOP *** [Tc Kh Td]
cfd8732: checks
8d9b40ec: bets $0.08
cfd8732: folds
Uncalled bet ($0.08) returned to 8d9b40ec
*** SHOWDOWN ***
8d9b40ec collected $0.21 from pot
*** SUMMARY ***
Total pot $0.22 | Rake $0.01 | Jackpot $0 | Bingo $0 | Fortune $0 | Tax $0
Board [Tc Kh Td]
Seat 1: 5d7c29bf folded before Flop (didn't bet)
Seat 2: 7de3d498 folded before Flop (didn't bet)
Seat 3: 8d9b40ec won ($0.21)
Seat 4: Hero (button) folded before Flop (didn't bet)
Seat 5: c492c028 (small blind) folded before Flop
Seat 6: cfd8732 (big blind) folded on the Flop


Poker Hand #HD1724717293: Hold'em No Limit ($0.02/$0.05) - 2024/04/10 21:11:07
Table 'NLHBlue18' 6-max Seat #3 is the button
Seat 1: 5d7c29bf ($7 in chips)
Seat 2: 7de3d498 ($5.43 in chips)
Seat 3: 8d9b40ec ($10.89 in chips)
Seat 4: Hero ($5 in chips)
Seat 5: c492c028 ($2.16 in chips)
Seat 6: cfd8732 ($4.86 in chips)
Hero: posts small blind $0.02
c492c028: posts big blind $0.05
*** HOLE CARDS ***
Dealt to 5d7c29bf 
Dealt to 7de3d498 
Dealt to 8d9b40ec 
Dealt to Hero [Kd Ad]
Dealt to c492c028 
Dealt to cfd8732 
cfd8732: folds
5d7c29bf: raises $0.15 to $0.2
7de3d498: folds
8d9b40ec: folds
Hero: raises $0.5 to $0.7
c492c028: folds
5d7c29bf: calls $0.5
*** FLOP *** [3c Ah Qs]
Hero: bets $0.55
5d7c29bf: folds
Uncalled bet ($0.55) returned to Hero
*** SHOWDOWN ***
Hero collected $1.38 from pot
*** SUMMARY ***
Total pot $1.45 | Rake $0.07 | Jackpot $0 | Bingo $0 | Fortune $0 | Tax $0
Board [3c Ah Qs]
Seat 1: 5d7c29bf folded on the Flop
Seat 2: 7de3d498 folded before Flop (didn't bet)
Seat 3: 8d9b40ec (button) folded before Flop (didn't bet)
Seat 4: Hero (small blind) won ($1.38)
Seat 5: c492c028 (big blind) folded before Flop
Seat 6: cfd8732 folded before Flop (didn't bet)


Poker Hand #HD1724717252: Hold'em No Limit ($0.02/$0.05) - 2024/04/10 21:10:40
Table 'NLHBlue18' 6-max Seat #2 is the button
Seat 1: 5d7c29bf ($7 in chips)
Seat 2: 7de3d498 ($5.43 in chips)
Seat 3: 8d9b40ec ($10.91 in chips)
Seat 4: Hero ($5 in chips)
Seat 5: c492c028 ($2.09 in chips)
Seat 6: cfd8732 ($4.86 in chips)
8d9b40ec: posts small blind $0.02
Hero: posts big blind $0.05
*** HOLE CARDS ***
Dealt to 5d7c29bf 
Dealt to 7de3d498 
Dealt to 8d9b40ec 
Dealt to Hero [6h 3h]
Dealt to c492c028 
Dealt to cfd8732 
c492c028: calls $0.05
cfd8732: folds
5d7c29bf: folds
7de3d498: folds
8d9b40ec: folds
Hero: checks
*** FLOP *** [Qc Ac 2s]
Hero: checks
c492c028: bets $0.06
Hero: folds
Uncalled bet ($0.06) returned to c492c028
*** SHOWDOWN ***
c492c028 collected $0.12 from pot
*** SUMMARY ***
Total pot $0.12 | Rake $0 | Jackpot $0 | Bingo $0 | Fortune $0 | Tax $0
Board [Qc Ac 2s]
Seat 1: 5d7c29bf folded before Flop (didn't bet)
Seat 2: 7de3d498 (button) folded before Flop (didn't bet)
Seat 3: 8d9b40ec (small blind) folded before Flop
Seat 4: Hero (big blind) folded on the Flop
Seat 5: c492c028 won ($0.12)
Seat 6: cfd8732 folded before Flop (didn't bet)


Poker Hand #HD1724717171: Hold'em No Limit ($0.02/$0.05) - 2024/04/10 21:09:55
Table 'NLHBlue18' 6-max Seat #1 is the button
Seat 1: 5d7c29bf ($7 in chips)
Seat 2: 7de3d498 ($5.45 in chips)
Seat 3: 8d9b40ec ($10.65 in chips)
Seat 4: Hero ($5 in chips)
Seat 5: c492c028 ($2.35 in chips)
Seat 6: cfd8732 ($4.86 in chips)
7de3d498: posts small blind $0.02
8d9b40ec: posts big blind $0.05
*** HOLE CARDS ***
Dealt to 5d7c29bf 
Dealt to 7de3d498 
Dealt to 8d9b40ec 
Dealt to Hero [4s 9c]
Dealt to c492c028 
Dealt to cfd8732 
Hero: folds
c492c028: calls $0.05
cfd8732: folds
5d7c29bf: folds
7de3d498: folds
8d9b40ec: checks
*** FLOP *** [5h 4c Jd]
8d9b40ec: checks
c492c028: bets $0.05
8d9b40ec: calls $0.05
*** TURN *** [5h 4c Jd] [2c]
8d9b40ec: bets $0.08
c492c028: raises $0.08 to $0.16
8d9b40ec: calls $0.08
*** RIVER *** [5h 4c Jd 2c] [6h]
8d9b40ec: bets $0.27
c492c028: folds
Uncalled bet ($0.27) returned to 8d9b40ec
8d9b40ec: shows [3d] (Sixes-High Straight)
*** SHOWDOWN ***
8d9b40ec collected $0.52 from pot
*** SUMMARY ***
Total pot $0.54 | Rake $0.02 | Jackpot $0 | Bingo $0 | Fortune $0 | Tax $0
Board [5h 4c Jd 2c 6h]
Seat 1: 5d7c29bf (button) folded before Flop (didn't bet)
Seat 2: 7de3d498 (small blind) folded before Flop
Seat 3: 8d9b40ec (big blind) showed [3d] and won ($0.52)
Seat 4: Hero folded before Flop (didn't bet)
Seat 5: c492c028 folded on the River
Seat 6: cfd8732 folded before Flop (didn't bet)


Poker Hand #HD1724717134: Hold'em No Limit ($0.02/$0.05) - 2024/04/10 21:09:38
Table 'NLHBlue18' 6-max Seat #6 is the button
Seat 1: 5d7c29bf ($7.02 in chips)
Seat 2: 7de3d498 ($5.5 in chips)
Seat 3: 8d9b40ec ($10.65 in chips)
Seat 4: Hero ($5 in chips)
Seat 5: c492c028 ($2.35 in chips)
Seat 6: cfd8732 ($4.79 in chips)
5d7c29bf: posts small blind $0.02
7de3d498: posts big blind $0.05
*** HOLE CARDS ***
Dealt to 5d7c29bf 
Dealt to 7de3d498 
Dealt to 8d9b40ec 
Dealt to Hero [7s 5h]
Dealt to c492c028 
Dealt to cfd8732 
8d9b40ec: folds
Hero: folds
c492c028: folds
cfd8732: raises $0.1 to $0.15
5d7c29bf: folds
7de3d498: folds
Uncalled bet ($0.1) returned to cfd8732
*** SHOWDOWN ***
cfd8732 collected $0.12 from pot
*** SUMMARY ***
Total pot $0.12 | Rake $0 | Jackpot $0 | Bingo $0 | Fortune $0 | Tax $0
Seat 1: 5d7c29bf (small blind) folded before Flop
Seat 2: 7de3d498 (big blind) folded before Flop
Seat 3: 8d9b40ec folded before Flop (didn't bet)
Seat 4: Hero folded before Flop (didn't bet)
Seat 5: c492c028 folded before Flop (didn't bet)
Seat 6: cfd8732 (button) collected ($0.12)


Poker Hand #HD1724716994: Hold'em No Limit ($0.02/$0.05) - 2024/04/10 21:08:21
Table 'NLHBlue18' 6-max Seat #5 is the button
Seat 1: 5d7c29bf ($7.6 in chips)
Seat 2: 7de3d498 ($5.5 in chips)
Seat 3: 8d9b40ec ($10.01 in chips)
Seat 4: Hero ($5 in chips)
Seat 5: c492c028 ($2.45 in chips)
Seat 6: cfd8732 ($4.81 in chips)
cfd8732: posts small blind $0.02
5d7c29bf: posts big blind $0.05
*** HOLE CARDS ***
Dealt to 5d7c29bf 
Dealt to 7de3d498 
Dealt to 8d9b40ec 
Dealt to Hero [Ks 9s]
Dealt to c492c028 
Dealt to cfd8732 
7de3d498: folds
8d9b40ec: raises $0.05 to $0.1
Hero: folds
c492c028: calls $0.1
cfd8732: folds
5d7c29bf: calls $0.05
*** FLOP *** [Jd Jh 3c]
5d7c29bf: bets $0.24
8d9b40ec: raises $0.24 to $0.48
c492c028: folds
5d7c29bf: calls $0.24
*** TURN *** [Jd Jh 3c] [Ac]
5d7c29bf: checks
8d9b40ec: bets $0.64
5d7c29bf: folds
Uncalled bet ($0.64) returned to 8d9b40ec
*** SHOWDOWN ***
8d9b40ec collected $1.22 from pot
*** SUMMARY ***
Total pot $1.28 | Rake $0.06 | Jackpot $0 | Bingo $0 | Fortune $0 | Tax $0
Board [Jd Jh 3c Ac]
Seat 1: 5d7c29bf (big blind) folded on the Turn
Seat 2: 7de3d498 folded before Flop (didn't bet)
Seat 3: 8d9b40ec won ($1.22)
Seat 4: Hero folded before Flop (didn't bet)
Seat 5: c492c028 (button) folded on the Flop
Seat 6: cfd8732 (small blind) folded before Flop


Poker Hand #HD1724716938: Hold'em No Limit ($0.02/$0.05) - 2024/04/10 21:07:49
Table 'NLHBlue18' 6-max Seat #4 is the button
Seat 1: 5d7c29bf ($7.53 in chips)
Seat 2: 7de3d498 ($5.5 in chips)
Seat 3: 8d9b40ec ($10.01 in chips)
Seat 4: Hero ($5 in chips)
Seat 5: c492c028 ($2.47 in chips)
Seat 6: cfd8732 ($4.86 in chips)
c492c028: posts small blind $0.02
cfd8732: posts big blind $0.05
*** HOLE CARDS ***
Dealt to 5d7c29bf 
Dealt to 7de3d498 
Dealt to 8d9b40ec 
Dealt to Hero [Qc 8c]
Dealt to c492c028 
Dealt to cfd8732 
5d7c29bf: raises $0.15 to $0.2
7de3d498: folds
8d9b40ec: folds
Hero: folds
c492c028: folds
cfd8732: folds
Uncalled bet ($0.15) returned to 5d7c29bf
*** SHOWDOWN ***
5d7c29bf collected $0.12 from pot
*** SUMMARY ***
Total pot $0.12 | Rake $0 | Jackpot $0 | Bingo $0 | Fortune $0 | Tax $0
Seat 1: 5d7c29bf collected ($0.12)
Seat 2: 7de3d498 folded before Flop (didn't bet)
Seat 3: 8d9b40ec folded before Flop (didn't bet)
Seat 4: Hero (button) folded before Flop (didn't bet)
Seat 5: c492c028 (small blind) folded before Flop
Seat 6: cfd8732 (big blind) folded before Flop


Poker Hand #HD1724716820: Hold'em No Limit ($0.02/$0.05) - 2024/04/10 21:06:47
Table 'NLHBlue18' 6-max Seat #3 is the button
Seat 1: 5d7c29bf ($6.65 in chips)
Seat 2: 7de3d498 ($5.5 in chips)
Seat 3: 8d9b40ec ($10.01 in chips)
Seat 4: Hero ($5.42 in chips)
Seat 5: c492c028 ($2.52 in chips)
Seat 6: cfd8732 ($4.86 in chips)
Hero: posts small blind $0.02
c492c028: posts big blind $0.05
*** HOLE CARDS ***
Dealt to 5d7c29bf 
Dealt to 7de3d498 
Dealt to 8d9b40ec 
Dealt to Hero [Ad Qc]
Dealt to c492c028 
Dealt to cfd8732 
cfd8732: folds
5d7c29bf: raises $0.1 to $0.15
7de3d498: folds
8d9b40ec: folds
Hero: raises $0.4 to $0.55
c492c028: folds
5d7c29bf: calls $0.4
*** FLOP *** [7d Jd 9s]
Hero: checks
5d7c29bf: checks
*** TURN *** [7d Jd 9s] [Ts]
Hero: bets $0.45
5d7c29bf: calls $0.45
*** RIVER *** [7d Jd 9s Ts] [Jc]
Hero: checks
5d7c29bf: bets $1.04
Hero: folds
Uncalled bet ($1.04) returned to 5d7c29bf
5d7c29bf: shows [Kd] (Pair of Jacks)
*** SHOWDOWN ***
5d7c29bf collected $1.88 from pot
*** SUMMARY ***
Total pot $2.05 | Rake $0.12 | Jackpot $0.05 | Bingo $0 | Fortune $0 | Tax $0
Board [7d Jd 9s Ts Jc]
Seat 1: 5d7c29bf showed [Kd] and won ($1.88)
Seat 2: 7de3d498 folded before Flop (didn't bet)
Seat 3: 8d9b40ec (button) folded before Flop (didn't bet)
Seat 4: Hero (small blind) folded on the River
Seat 5: c492c028 (big blind) folded before Flop
Seat 6: cfd8732 folded before Flop (didn't bet)


Poker Hand #HD1724716782: Hold'em No Limit ($0.02/$0.05) - 2024/04/10 21:06:25
Table 'NLHBlue18' 6-max Seat #2 is the button
Seat 1: 5d7c29bf ($6.65 in chips)
Seat 2: 7de3d498 ($5.5 in chips)
Seat 3: 8d9b40ec ($9.91 in chips)
Seat 4: Hero ($5.47 in chips)
Seat 5: c492c028 ($2.57 in chips)
Seat 6: cfd8732 ($4.86 in chips)
8d9b40ec: posts small blind $0.02
Hero: posts big blind $0.05
*** HOLE CARDS ***
Dealt to 5d7c29bf 
Dealt to 7de3d498 
Dealt to 8d9b40ec 
Dealt to Hero [Qh 2s]
Dealt to c492c028 
Dealt to cfd8732 
c492c028: calls $0.05
cfd8732: folds
5d7c29bf: folds
7de3d498: folds
8d9b40ec: raises $0.08 to $0.13
Hero: folds
c492c028: folds
Uncalled bet ($0.08) returned to 8d9b40ec
*** SHOWDOWN ***
8d9b40ec collected $0.15 from pot
*** SUMMARY ***
Total pot $0.15 | Rake $0 | Jackpot $0 | Bingo $0 | Fortune $0 | Tax $0
Seat 1: 5d7c29bf folded before Flop (didn't bet)
Seat 2: 7de3d498 (button) folded before Flop (didn't bet)
Seat 3: 8d9b40ec (small blind) collected ($0.15)
Seat 4: Hero (big blind) folded before Flop
Seat 5: c492c028 folded before Flop
Seat 6: cfd8732 folded before Flop (didn't bet)


Poker Hand #HD1724716672: Hold'em No Limit ($0.02/$0.05) - 2024/04/10 21:05:33
Table 'NLHBlue18' 6-max Seat #1 is the button
Seat 1: 5d7c29bf ($6.65 in chips)
Seat 2: 7de3d498 ($5 in chips)
Seat 3: 8d9b40ec ($10.46 in chips)
Seat 4: Hero ($5.47 in chips)
Seat 5: c492c028 ($2.57 in chips)
Seat 6: cfd8732 ($4.86 in chips)
7de3d498: posts small blind $0.02
8d9b40ec: posts big blind $0.05
*** HOLE CARDS ***
Dealt to 5d7c29bf 
Dealt to 7de3d498 
Dealt to 8d9b40ec 
Dealt to Hero [5c 4c]
Dealt to c492c028 
Dealt to cfd8732 
Hero: folds
c492c028: folds
cfd8732: folds
5d7c29bf: folds
7de3d498: raises $0.08 to $0.13
8d9b40ec: calls $0.08
*** FLOP *** [Kc 7c 8c]
7de3d498: bets $0.1
8d9b40ec: raises $0.1 to $0.2
7de3d498: calls $0.1
*** TURN *** [Kc 7c 8c] [6c]
7de3d498: checks
8d9b40ec: bets $0.22
7de3d498: calls $0.22
*** RIVER *** [Kc 7c 8c 6c] [Js]
7de3d498: checks
8d9b40ec: checks
7de3d498: shows [7d Kd] (Pair of Kings and Pair of Sevens)
8d9b40ec: shows [6h Ts] (Pair of Sixes)
*** SHOWDOWN ***
7de3d498 collected $1.05 from pot
*** SUMMARY ***
Total pot $1.1 | Rake $0.05 | Jackpot $0 | Bingo $0 | Fortune $0 | Tax $0
Board [Kc 7c 8c 6c Js]
Seat 1: 5d7c29bf (button) folded before Flop (didn't bet)
Seat 2: 7de3d498 (small blind) showed [7d Kd] and won ($1.05) with Pair of Kings and Pair of Sevens
Seat 3: 8d9b40ec (big blind) showed [6h Ts] and lost with Pair of Sixes
Seat 4: Hero folded before Flop (didn't bet)
Seat 5: c492c028 folded before Flop (didn't bet)
Seat 6: cfd8732 folded before Flop (didn't bet)


Poker Hand #HD1724716604: Hold'em No Limit ($0.02/$0.05) - 2024/04/10 21:04:57
Table 'NLHBlue18' 6-max Seat #6 is the button
Seat 1: 5d7c29bf ($6.67 in chips)
Seat 2: 7de3d498 ($5 in chips)
Seat 3: 8d9b40ec ($10.12 in chips)
Seat 4: Hero ($5.77 in chips)
Seat 5: c492c028 ($2.57 in chips)
Seat 6: cfd8732 ($4.86 in chips)
5d7c29bf: posts small blind $0.02
7de3d498: posts big blind $0.05
*** HOLE CARDS ***
Dealt to 5d7c29bf 
Dealt to 7de3d498 
Dealt to 8d9b40ec 
Dealt to Hero [Qc Jc]
Dealt to c492c028 
Dealt to cfd8732 
8d9b40ec: raises $0.05 to $0.1
Hero: raises $0.2 to $0.3
c492c028: folds
cfd8732: folds
5d7c29bf: folds
7de3d498: folds
8d9b40ec: calls $0.2
*** FLOP *** [4c 6d Ad]
8d9b40ec: checks
Hero: checks
*** TURN *** [4c 6d Ad] [3h]
8d9b40ec: bets $0.23
Hero: folds
Uncalled bet ($0.23) returned to 8d9b40ec
8d9b40ec: shows [2h] (Ace-High)
*** SHOWDOWN ***
8d9b40ec collected $0.64 from pot
*** SUMMARY ***
Total pot $0.67 | Rake $0.03 | Jackpot $0 | Bingo $0 | Fortune $0 | Tax $0
Board [4c 6d Ad 3h]
Seat 1: 5d7c29bf (small blind) folded before Flop
Seat 2: 7de3d498 (big blind) folded before Flop
Seat 3: 8d9b40ec showed [2h] and won ($0.64)
Seat 4: Hero folded on the Turn
Seat 5: c492c028 folded before Flop (didn't bet)
Seat 6: cfd8732 (button) folded before Flop (didn't bet)


Poker Hand #HD1724716474: Hold'em No Limit ($0.02/$0.05) - 2024/04/10 21:03:50
Table 'NLHBlue18' 6-max Seat #5 is the button
Seat 1: 5d7c29bf ($5.96 in chips)
Seat 2: 7de3d498 ($5.02 in chips)
Seat 3: 8d9b40ec ($10.12 in chips)
Seat 4: Hero ($5.77 in chips)
Seat 5: c492c028 ($2.7 in chips)
Seat 6: cfd8732 ($4.88 in chips)
cfd8732: posts small blind $0.02
5d7c29bf: posts big blind $0.05
*** HOLE CARDS ***
Dealt to 5d7c29bf 
Dealt to 7de3d498 
Dealt to 8d9b40ec 
Dealt to Hero [6c 7c]
Dealt to c492c028 
Dealt to cfd8732 
7de3d498: raises $0.08 to $0.13
8d9b40ec: folds
Hero: folds
c492c028: calls $0.13
cfd8732: folds
5d7c29bf: raises $0.15 to $0.28
7de3d498: calls $0.15
c492c028: folds
*** FLOP *** [9s Ad 5h]
5d7c29bf: checks
7de3d498: checks
*** TURN *** [9s Ad 5h] [6d]
5d7c29bf: bets $0.36
7de3d498: calls $0.36
*** RIVER *** [9s Ad 5h 6d] [2h]
5d7c29bf: bets $1.08
7de3d498: folds
Uncalled bet ($1.08) returned to 5d7c29bf
5d7c29bf: shows [Ah] (Pair of Aces)
*** SHOWDOWN ***
5d7c29bf collected $1.35 from pot
*** SUMMARY ***
Total pot $1.43 | Rake $0.08 | Jackpot $0 | Bingo $0 | Fortune $0 | Tax $0
Board [9s Ad 5h 6d 2h]
Seat 1: 5d7c29bf (big blind) showed [Ah] and won ($1.35)
Seat 2: 7de3d498 folded on the River
Seat 3: 8d9b40ec folded before Flop (didn't bet)
Seat 4: Hero folded before Flop (didn't bet)
Seat 5: c492c028 (button) folded before Flop
Seat 6: cfd8732 (small blind) folded before Flop


Poker Hand #HD1724716365: Hold'em No Limit ($0.02/$0.05) - 2024/04/10 21:02:57
Table 'NLHBlue18' 6-max Seat #4 is the button
Seat 1: 5d7c29bf ($5.96 in chips)
Seat 2: 7de3d498 ($5.15 in chips)
Seat 3: 8d9b40ec ($9.69 in chips)
Seat 4: Hero ($5.77 in chips)
Seat 5: c492c028 ($2.98 in chips)
Seat 6: cfd8732 ($4.93 in chips)
c492c028: posts small blind $0.02
cfd8732: posts big blind $0.05
*** HOLE CARDS ***
Dealt to 5d7c29bf 
Dealt to 7de3d498 
Dealt to 8d9b40ec 
Dealt to Hero [Td As]
Dealt to c492c028 
Dealt to cfd8732 
5d7c29bf: folds
7de3d498: raises $0.08 to $0.13
8d9b40ec: calls $0.13
Hero: folds
c492c028: calls $0.11
cfd8732: folds
*** FLOP *** [9c Kh 3h]
c492c028: checks
7de3d498: checks
8d9b40ec: bets $0.15
c492c028: calls $0.15
7de3d498: folds
*** TURN *** [9c Kh 3h] [2h]
c492c028: checks
8d9b40ec: bets $0.37
c492c028: folds
Uncalled bet ($0.37) returned to 8d9b40ec
*** SHOWDOWN ***
8d9b40ec collected $0.71 from pot
*** SUMMARY ***
Total pot $0.74 | Rake $0.03 | Jackpot $0 | Bingo $0 | Fortune $0 | Tax $0
Board [9c Kh 3h 2h]
Seat 1: 5d7c29bf folded before Flop (didn't bet)
Seat 2: 7de3d498 folded on the Flop
Seat 3: 8d9b40ec won ($0.71)
Seat 4: Hero (button) folded before Flop (didn't bet)
Seat 5: c492c028 (small blind) folded on the Turn
Seat 6: cfd8732 (big blind) folded before Flop


Poker Hand #HD1724716338: Hold'em No Limit ($0.02/$0.05) - 2024/04/10 21:02:44
Table 'NLHBlue18' 6-max Seat #3 is the button
Seat 1: 5d7c29bf ($5.89 in chips)
Seat 2: 7de3d498 ($5.15 in chips)
Seat 3: 8d9b40ec ($9.69 in chips)
Seat 4: Hero ($5.79 in chips)
Seat 5: c492c028 ($3.03 in chips)
Seat 6: cfd8732 ($4.93 in chips)
Hero: posts small blind $0.02
c492c028: posts big blind $0.05
*** HOLE CARDS ***
Dealt to 5d7c29bf 
Dealt to 7de3d498 
Dealt to 8d9b40ec 
Dealt to Hero [7s 6d]
Dealt to c492c028 
Dealt to cfd8732 
cfd8732: folds
5d7c29bf: raises $0.1 to $0.15
7de3d498: folds
8d9b40ec: folds
Hero: folds
c492c028: folds
Uncalled bet ($0.1) returned to 5d7c29bf
*** SHOWDOWN ***
5d7c29bf collected $0.12 from pot
*** SUMMARY ***
Total pot $0.12 | Rake $0 | Jackpot $0 | Bingo $0 | Fortune $0 | Tax $0
Seat 1: 5d7c29bf collected ($0.12)
Seat 2: 7de3d498 folded before Flop (didn't bet)
Seat 3: 8d9b40ec (button) folded before Flop (didn't bet)
Seat 4: Hero (small blind) folded before Flop
Seat 5: c492c028 (big blind) folded before Flop
Seat 6: cfd8732 folded before Flop (didn't bet)


Poker Hand #HD1724716275: Hold'em No Limit ($0.02/$0.05) - 2024/04/10 21:02:13
Table 'NLHBlue18' 6-max Seat #2 is the button
Seat 1: 5d7c29bf ($5.89 in chips)
Seat 2: 7de3d498 ($5.15 in chips)
Seat 3: 8d9b40ec ($9.55 in chips)
Seat 4: Hero ($5.84 in chips)
Seat 5: c492c028 ($3.13 in chips)
Seat 6: cfd8732 ($4.93 in chips)
8d9b40ec: posts small blind $0.02
Hero: posts big blind $0.05
*** HOLE CARDS ***
Dealt to 5d7c29bf 
Dealt to 7de3d498 
Dealt to 8d9b40ec 
Dealt to Hero [8c 6c]
Dealt to c492c028 
Dealt to cfd8732 
c492c028: calls $0.05
cfd8732: folds
5d7c29bf: folds
7de3d498: folds
8d9b40ec: raises $0.05 to $0.1
Hero: folds
c492c028: calls $0.05
*** FLOP *** [4h 7d 3s]
8d9b40ec: bets $0.09
c492c028: folds
Uncalled bet ($0.09) returned to 8d9b40ec
*** SHOWDOWN ***
8d9b40ec collected $0.24 from pot
*** SUMMARY ***
Total pot $0.25 | Rake $0.01 | Jackpot $0 | Bingo $0 | Fortune $0 | Tax $0
Board [4h 7d 3s]
Seat 1: 5d7c29bf folded before Flop (didn't bet)
Seat 2: 7de3d498 (button) folded before Flop (didn't bet)
Seat 3: 8d9b40ec (small blind) won ($0.24)
Seat 4: Hero (big blind) folded before Flop
Seat 5: c492c028 folded on the Flop
Seat 6: cfd8732 folded before Flop (didn't bet)


Poker Hand #HD1724716204: Hold'em No Limit ($0.02/$0.05) - 2024/04/10 21:01:36
Table 'NLHBlue18' 6-max Seat #1 is the button
Seat 1: 5d7c29bf ($5.89 in chips)
Seat 2: 7de3d498 ($5.17 in chips)
Seat 3: 8d9b40ec ($9.14 in chips)
Seat 4: Hero ($6.05 in chips)
Seat 5: c492c028 ($3.34 in chips)
Seat 6: cfd8732 ($4.93 in chips)
7de3d498: posts small blind $0.02
8d9b40ec: posts big blind $0.05
*** HOLE CARDS ***
Dealt to 5d7c29bf 
Dealt to 7de3d498 
Dealt to 8d9b40ec 
Dealt to Hero [8s 9s]
Dealt to c492c028 
Dealt to cfd8732 
Hero: raises $0.05 to $0.1
c492c028: calls $0.1
cfd8732: folds
5d7c29bf: folds
7de3d498: folds
8d9b40ec: raises $0.11 to $0.21
Hero: calls $0.11
c492c028: calls $0.11
*** FLOP *** [Th 5c 5d]
8d9b40ec: bets $0.22
Hero: folds
c492c028: folds
Uncalled bet ($0.22) returned to 8d9b40ec
*** SHOWDOWN ***
8d9b40ec collected $0.62 from pot
*** SUMMARY ***
Total pot $0.65 | Rake $0.03 | Jackpot $0 | Bingo $0 | Fortune $0 | Tax $0
Board [Th 5c 5d]
Seat 1: 5d7c29bf (button) folded before Flop (didn't bet)
Seat 2: 7de3d498 (small blind) folded before Flop
Seat 3: 8d9b40ec (big blind) won ($0.62)
Seat 4: Hero folded on the Flop
Seat 5: c492c028 folded on the Flop
Seat 6: cfd8732 folded before Flop (didn't bet)


Poker Hand #HD1724716154: Hold'em No Limit ($0.02/$0.05) - 2024/04/10 21:01:12
Table 'NLHBlue18' 6-max Seat #6 is the button
Seat 1: 5d7c29bf ($5.84 in chips)
Seat 2: 7de3d498 ($5.22 in chips)
Seat 3: 8d9b40ec ($9.14 in chips)
Seat 4: Hero ($6.05 in chips)
Seat 5: c492c028 ($3.34 in chips)
Seat 6: cfd8732 ($4.93 in chips)
5d7c29bf: posts small blind $0.02
7de3d498: posts big blind $0.05
*** HOLE CARDS ***
Dealt to 5d7c29bf 
Dealt to 7de3d498 
Dealt to 8d9b40ec 
Dealt to Hero [3h Kd]
Dealt to c492c028 
Dealt to cfd8732 
8d9b40ec: folds
Hero: folds
c492c028: folds
cfd8732: folds
5d7c29bf: calls $0.03
7de3d498: checks
*** FLOP *** [4s 8d 9h]
5d7c29bf: bets $0.1
7de3d498: folds
Uncalled bet ($0.1) returned to 5d7c29bf
*** SHOWDOWN ***
5d7c29bf collected $0.1 from pot
*** SUMMARY ***
Total pot $0.1 | Rake $0 | Jackpot $0 | Bingo $0 | Fortune $0 | Tax $0
Board [4s 8d 9h]
Seat 1: 5d7c29bf (small blind) won ($0.1)
Seat 2: 7de3d498 (big blind) folded on the Flop
Seat 3: 8d9b40ec folded before Flop (didn't bet)
Seat 4: Hero folded before Flop (didn't bet)
Seat 5: c492c028 folded before Flop (didn't bet)
Seat 6: cfd8732 (button) folded before Flop (didn't bet)


Poker Hand #HD1724716099: Hold'em No Limit ($0.02/$0.05) - 2024/04/10 21:00:49
Table 'NLHBlue18' 6-max Seat #5 is the button
Seat 1: 5d7c29bf ($5.82 in chips)
Seat 2: 7de3d498 ($5.22 in chips)
Seat 3: 8d9b40ec ($9.14 in chips)
Seat 4: Hero ($6.05 in chips)
Seat 5: c492c028 ($3.34 in chips)
Seat 6: cfd8732 ($4.95 in chips)
cfd8732: posts small blind $0.02
5d7c29bf: posts big blind $0.05
*** HOLE CARDS ***
Dealt to 5d7c29bf 
Dealt to 7de3d498 
Dealt to 8d9b40ec 
Dealt to Hero [4c 5d]
Dealt to c492c028 
Dealt to cfd8732 
7de3d498: folds
8d9b40ec: folds
Hero: folds
c492c028: folds
cfd8732: folds
Uncalled bet ($0.03) returned to 5d7c29bf
*** SHOWDOWN ***
5d7c29bf collected $0.04 from pot
*** SUMMARY ***
Total pot $0.04 | Rake $0 | Jackpot $0 | Bingo $0 | Fortune $0 | Tax $0
Seat 1: 5d7c29bf (big blind) collected ($0.04)
Seat 2: 7de3d498 folded before Flop (didn't bet)
Seat 3: 8d9b40ec folded before Flop (didn't bet)
Seat 4: Hero folded before Flop (didn't bet)
Seat 5: c492c028 (button) folded before Flop (didn't bet)
Seat 6: cfd8732 (small blind) folded before Flop


Poker Hand #HD1724716008: Hold'em No Limit ($0.02/$0.05) - 2024/04/10 21:00:07
Table 'NLHBlue18' 6-max Seat #4 is the button
Seat 1: 5d7c29bf ($5.82 in chips)
Seat 2: 7de3d498 ($5.22 in chips)
Seat 3: 8d9b40ec ($9.07 in chips)
Seat 4: Hero ($6.05 in chips)
Seat 5: c492c028 ($3.36 in chips)
Seat 6: cfd8732 ($5 in chips)
c492c028: posts small blind $0.02
cfd8732: posts big blind $0.05
*** HOLE CARDS ***
Dealt to 5d7c29bf 
Dealt to 7de3d498 
Dealt to 8d9b40ec 
Dealt to Hero [4s Ac]
Dealt to c492c028 
Dealt to cfd8732 
5d7c29bf: folds
7de3d498: folds
8d9b40ec: calls $0.05
Hero: folds
c492c028: folds
cfd8732: checks
*** FLOP *** [Jd 3h 7c]
cfd8732: checks
8d9b40ec: bets $0.05
cfd8732: folds
Uncalled bet ($0.05) returned to 8d9b40ec
*** SHOWDOWN ***
8d9b40ec collected $0.12 from pot
*** SUMMARY ***
Total pot $0.12 | Rake $0 | Jackpot $0 | Bingo $0 | Fortune $0 | Tax $0
Board [Jd 3h 7c]
Seat 1: 5d7c29bf folded before Flop (didn't bet)
Seat 2: 7de3d498 folded before Flop (didn't bet)
Seat 3: 8d9b40ec won ($0.12)
Seat 4: Hero (button) folded before Flop (didn't bet)
Seat 5: c492c028 (small blind) folded before Flop
Seat 6: cfd8732 (big blind) folded on the Flop


Poker Hand #HD1724715951: Hold'em No Limit ($0.02/$0.05) - 2024/04/10 20:59:34
Table 'NLHBlue18' 6-max Seat #3 is the button
Seat 1: 5d7c29bf ($5.75 in chips)
Seat 2: 7de3d498 ($5.22 in chips)
Seat 3: 8d9b40ec ($9.07 in chips)
Seat 4: Hero ($6.07 in chips)
Seat 5: c492c028 ($3.41 in chips)
Hero: posts small blind $0.02
c492c028: posts big blind $0.05
*** HOLE CARDS ***
Dealt to 5d7c29bf 
Dealt to 7de3d498 
Dealt to 8d9b40ec 
Dealt to Hero [6s Ad]
Dealt to c492c028 
5d7c29bf: calls $0.05
7de3d498: folds
8d9b40ec: folds
Hero: folds
c492c028: checks
*** FLOP *** [Tc Ks 9h]
c492c028: checks
5d7c29bf: bets $0.3
c492c028: folds
Uncalled bet ($0.3) returned to 5d7c29bf
*** SHOWDOWN ***
5d7c29bf collected $0.12 from pot
*** SUMMARY ***
Total pot $0.12 | Rake $0 | Jackpot $0 | Bingo $0 | Fortune $0 | Tax $0
Board [Tc Ks 9h]
Seat 1: 5d7c29bf won ($0.12)
Seat 2: 7de3d498 folded before Flop (didn't bet)
Seat 3: 8d9b40ec (button) folded before Flop (didn't bet)
Seat 4: Hero (small blind) folded before Flop
Seat 5: c492c028 (big blind) folded on the Flop


Poker Hand #HD1724715889: Hold'em No Limit ($0.02/$0.05) - 2024/04/10 20:59:02
Table 'NLHBlue18' 6-max Seat #2 is the button
Seat 1: 5d7c29bf ($5.64 in chips)
Seat 2: 7de3d498 ($5.22 in chips)
Seat 3: 8d9b40ec ($9.09 in chips)
Seat 4: Hero ($6.12 in chips)
Seat 5: c492c028 ($3.46 in chips)
8d9b40ec: posts small blind $0.02
Hero: posts big blind $0.05
*** HOLE CARDS ***
Dealt to 5d7c29bf 
Dealt to 7de3d498 
Dealt to 8d9b40ec 
Dealt to Hero [3d 8h]
Dealt to c492c028 
c492c028: calls $0.05
5d7c29bf: raises $0.09 to $0.14
7de3d498: folds
8d9b40ec: folds
Hero: folds
c492c028: folds
Uncalled bet ($0.09) returned to 5d7c29bf
*** SHOWDOWN ***
5d7c29bf collected $0.16 from pot
*** SUMMARY ***
Total pot $0.17 | Rake $0.01 | Jackpot $0 | Bingo $0 | Fortune $0 | Tax $0
Seat 1: 5d7c29bf collected ($0.16)
Seat 2: 7de3d498 (button) folded before Flop (didn't bet)
Seat 3: 8d9b40ec (small blind) folded before Flop
Seat 4: Hero (big blind) folded before Flop
Seat 5: c492c028 folded before Flop


Poker Hand #HD1724715831: Hold'em No Limit ($0.02/$0.05) - 2024/04/10 20:58:32
Table 'NLHBlue18' 6-max Seat #1 is the button
Seat 1: 5d7c29bf ($5.64 in chips)
Seat 2: 7de3d498 ($5.24 in chips)
Seat 3: 8d9b40ec ($8.98 in chips)
Seat 4: Hero ($6.12 in chips)
Seat 5: c492c028 ($3.56 in chips)
7de3d498: posts small blind $0.02
8d9b40ec: posts big blind $0.05
*** HOLE CARDS ***
Dealt to 5d7c29bf 
Dealt to 7de3d498 
Dealt to 8d9b40ec 
Dealt to Hero [2h 5d]
Dealt to c492c028 
Hero: folds
c492c028: calls $0.05
5d7c29bf: folds
7de3d498: folds
8d9b40ec: checks
*** FLOP *** [Ad Kc 3h]
8d9b40ec: bets $0.05
c492c028: calls $0.05
*** TURN *** [Ad Kc 3h] [4s]
8d9b40ec: checks
c492c028: checks
*** RIVER *** [Ad Kc 3h 4s] [3s]
8d9b40ec: bets $0.22
c492c028: folds
Uncalled bet ($0.22) returned to 8d9b40ec
*** SHOWDOWN ***
8d9b40ec collected $0.21 from pot
*** SUMMARY ***
Total pot $0.22 | Rake $0.01 | Jackpot $0 | Bingo $0 | Fortune $0 | Tax $0
Board [Ad Kc 3h 4s 3s]
Seat 1: 5d7c29bf (button) folded before Flop (didn't bet)
Seat 2: 7de3d498 (small blind) folded before Flop
Seat 3: 8d9b40ec (big blind) won ($0.21)
Seat 4: Hero folded before Flop (didn't bet)
Seat 5: c492c028 folded on the River


Poker Hand #HD1724715722: Hold'em No Limit ($0.02/$0.05) - 2024/04/10 20:57:36
Table 'NLHBlue18' 6-max Seat #5 is the button
Seat 1: 5d7c29bf ($5.77 in chips)
Seat 2: 7de3d498 ($5 in chips)
Seat 3: 8d9b40ec ($8.98 in chips)
Seat 4: Hero ($6.25 in chips)
Seat 5: c492c028 ($3.56 in chips)
5d7c29bf: posts small blind $0.02
7de3d498: posts big blind $0.05
*** HOLE CARDS ***
Dealt to 5d7c29bf 
Dealt to 7de3d498 
Dealt to 8d9b40ec 
Dealt to Hero [7s Ad]
Dealt to c492c028 
8d9b40ec: folds
Hero: raises $0.08 to $0.13
c492c028: folds
5d7c29bf: calls $0.11
7de3d498: calls $0.08
*** FLOP *** [3c Kh 5h]
5d7c29bf: checks
7de3d498: checks
Hero: checks
*** TURN *** [3c Kh 5h] [Tc]
5d7c29bf: checks
7de3d498: checks
Hero: checks
*** RIVER *** [3c Kh 5h Tc] [6c]
5d7c29bf: checks
7de3d498: bets $0.3
Hero: folds
5d7c29bf: folds
Uncalled bet ($0.3) returned to 7de3d498
*** SHOWDOWN ***
7de3d498 collected $0.37 from pot
*** SUMMARY ***
Total pot $0.39 | Rake $0.02 | Jackpot $0 | Bingo $0 | Fortune $0 | Tax $0
Board [3c Kh 5h Tc 6c]
Seat 1: 5d7c29bf (small blind) folded on the River
Seat 2: 7de3d498 (big blind) won ($0.37)
Seat 3: 8d9b40ec folded before Flop (didn't bet)
Seat 4: Hero folded on the River
Seat 5: c492c028 (button) folded before Flop (didn't bet)


Poker Hand #HD1724715652: Hold'em No Limit ($0.02/$0.05) - 2024/04/10 20:57:05
Table 'NLHBlue18' 6-max Seat #4 is the button
Seat 1: 5d7c29bf ($5.67 in chips)
Seat 2: 7de3d498 ($5 in chips)
Seat 3: 8d9b40ec ($9.03 in chips)
Seat 4: Hero ($6.25 in chips)
Seat 5: c492c028 ($3.61 in chips)
c492c028: posts small blind $0.02
5d7c29bf: posts big blind $0.05
*** HOLE CARDS ***
Dealt to 5d7c29bf 
Dealt to 7de3d498 
Dealt to 8d9b40ec 
Dealt to Hero [9c Js]
Dealt to c492c028 
7de3d498: folds
8d9b40ec: calls $0.05
Hero: folds
c492c028: calls $0.03
5d7c29bf: checks
*** FLOP *** [6c 2s 4c]
c492c028: checks
5d7c29bf: bets $0.25
8d9b40ec: folds
c492c028: folds
Uncalled bet ($0.25) returned to 5d7c29bf
*** SHOWDOWN ***
5d7c29bf collected $0.15 from pot
*** SUMMARY ***
Total pot $0.15 | Rake $0 | Jackpot $0 | Bingo $0 | Fortune $0 | Tax $0
Board [6c 2s 4c]
Seat 1: 5d7c29bf (big blind) won ($0.15)
Seat 2: 7de3d498 folded before Flop (didn't bet)
Seat 3: 8d9b40ec folded on the Flop
Seat 4: Hero (button) folded before Flop (didn't bet)
Seat 5: c492c028 (small blind) folded on the Flop


Poker Hand #HD1724625545: Hold'em No Limit ($0.02/$0.05) - 2024/04/10 20:56:12
Table 'NLHBlue18' 6-max Seat #3 is the button
Seat 1: 5d7c29bf ($5.67 in chips)
Seat 2: 7de3d498 ($5.07 in chips)
Seat 3: 8d9b40ec ($7.1 in chips)
Seat 4: Hero ($6.27 in chips)
Seat 5: c492c028 ($3.66 in chips)
Seat 6: 63039497 ($5 in chips)
Hero: posts small blind $0.02
c492c028: posts big blind $0.05
*** HOLE CARDS ***
Dealt to 5d7c29bf 
Dealt to 7de3d498 
Dealt to 8d9b40ec 
Dealt to Hero [6s Jh]
Dealt to c492c028 
Dealt to 63039497 
63039497: folds
5d7c29bf: folds
7de3d498: raises $0.08 to $0.13
8d9b40ec: calls $0.13
Hero: folds
c492c028: folds
*** FLOP *** [4c 2s 9d]
7de3d498: bets $0.1
8d9b40ec: calls $0.1
*** TURN *** [4c 2s 9d] [Ts]
7de3d498: bets $0.27
8d9b40ec: calls $0.27
*** RIVER *** [4c 2s 9d Ts] [Kh]
7de3d498: bets $0.81
8d9b40ec: raises $0.81 to $1.62
7de3d498: calls $0.81
8d9b40ec: shows [Qs Jc] (Kings-High Straight)
7de3d498: shows [9c Tc] (Pair of Tens and Pair of Nines)
*** SHOWDOWN ***
8d9b40ec collected $4.05 from pot
*** SUMMARY ***
Total pot $4.31 | Rake $0.21 | Jackpot $0.05 | Bingo $0 | Fortune $0 | Tax $0
Board [4c 2s 9d Ts Kh]
Seat 1: 5d7c29bf folded before Flop (didn't bet)
Seat 2: 7de3d498 showed [9c Tc] and lost with Pair of Tens and Pair of Nines
Seat 3: 8d9b40ec (button) showed [Qs Jc] and won ($4.05) with Kings-High Straight
Seat 4: Hero (small blind) folded before Flop
Seat 5: c492c028 (big blind) folded before Flop
Seat 6: 63039497 folded before Flop (didn't bet)


Poker Hand #HD1724625461: Hold'em No Limit ($0.02/$0.05) - 2024/04/10 20:55:29
Table 'NLHBlue18' 6-max Seat #2 is the button
Seat 1: 5d7c29bf ($4.89 in chips)
Seat 2: 7de3d498 ($5.07 in chips)
Seat 3: 8d9b40ec ($7.12 in chips)
Seat 4: Hero ($7.13 in chips)
Seat 5: c492c028 ($3.71 in chips)
Seat 6: 63039497 ($5 in chips)
8d9b40ec: posts small blind $0.02
Hero: posts big blind $0.05
*** HOLE CARDS ***
Dealt to 5d7c29bf 
Dealt to 7de3d498 
Dealt to 8d9b40ec 
Dealt to Hero [Ad Qd]
Dealt to c492c028 
Dealt to 63039497 
c492c028: calls $0.05
63039497: folds
5d7c29bf: raises $0.09 to $0.14
7de3d498: folds
8d9b40ec: folds
Hero: raises $0.36 to $0.5
c492c028: folds
5d7c29bf: raises $0.36 to $0.86
Hero: calls $0.36
*** FLOP *** [9d 8s 9c]
Hero: checks
5d7c29bf: bets $0.9
Hero: folds
Uncalled bet ($0.9) returned to 5d7c29bf
5d7c29bf: shows [Qs Qh] (Pair of Queens and Pair of Nines)
*** SHOWDOWN ***
5d7c29bf collected $1.64 from pot
*** SUMMARY ***
Total pot $1.79 | Rake $0.1 | Jackpot $0.05 | Bingo $0 | Fortune $0 | Tax $0
Board [9d 8s 9c]
Seat 1: 5d7c29bf showed [Qs Qh] and won ($1.64)
Seat 2: 7de3d498 (button) folded before Flop (didn't bet)
Seat 3: 8d9b40ec (small blind) folded before Flop
Seat 4: Hero (big blind) folded on the Flop
Seat 5: c492c028 folded before Flop
Seat 6: 63039497 folded before Flop (didn't bet)


Poker Hand #HD1724625338: Hold'em No Limit ($0.02/$0.05) - 2024/04/10 20:54:25
Table 'NLHBlue18' 6-max Seat #1 is the button
Seat 1: 5d7c29bf ($5.77 in chips)
Seat 2: 7de3d498 ($5.09 in chips)
Seat 3: 8d9b40ec ($7.17 in chips)
Seat 4: Hero ($7.13 in chips)
Seat 5: c492c028 ($2.89 in chips)
Seat 6: 63039497 ($5 in chips)
7de3d498: posts small blind $0.02
8d9b40ec: posts big blind $0.05
*** HOLE CARDS ***
Dealt to 5d7c29bf 
Dealt to 7de3d498 
Dealt to 8d9b40ec 
Dealt to Hero [3d Jc]
Dealt to c492c028 
Dealt to 63039497 
Hero: folds
c492c028: calls $0.05
63039497: folds
5d7c29bf: raises $0.09 to $0.14
7de3d498: folds
8d9b40ec: folds
c492c028: calls $0.09
*** FLOP *** [6s 9c Js]
c492c028: bets $0.05
5d7c29bf: raises $0.23 to $0.28
c492c028: calls $0.23
*** TURN *** [6s 9c Js] [Kh]
c492c028: bets $0.46
5d7c29bf: calls $0.46
*** RIVER *** [6s 9c Js Kh] [2d]
c492c028: checks
5d7c29bf: checks
c492c028: shows [Qh Jd] (Pair of Jacks)
5d7c29bf: shows [Ad Qs] (Ace-High)
*** SHOWDOWN ***
c492c028 collected $1.7 from pot
*** SUMMARY ***
Total pot $1.83 | Rake $0.08 | Jackpot $0.05 | Bingo $0 | Fortune $0 | Tax $0
Board [6s 9c Js Kh 2d]
Seat 1: 5d7c29bf (button) showed [Ad Qs] and lost with Ace-High
Seat 2: 7de3d498 (small blind) folded before Flop
Seat 3: 8d9b40ec (big blind) folded before Flop
Seat 4: Hero folded before Flop (didn't bet)
Seat 5: c492c028 showed [Qh Jd] and won ($1.7) with Pair of Jacks
Seat 6: 63039497 folded before Flop (didn't bet)


Poker Hand #HD1724625267: Hold'em No Limit ($0.02/$0.05) - 2024/04/10 20:53:46
Table 'NLHBlue18' 6-max Seat #6 is the button
Seat 1: 5d7c29bf ($5.72 in chips)
Seat 2: 7de3d498 ($5.14 in chips)
Seat 3: 8d9b40ec ($7.17 in chips)
Seat 4: Hero ($7.13 in chips)
Seat 5: c492c028 ($2.89 in chips)
Seat 6: 63039497 ($5 in chips)
5d7c29bf: posts small blind $0.02
7de3d498: posts big blind $0.05
*** HOLE CARDS ***
Dealt to 5d7c29bf 
Dealt to 7de3d498 
Dealt to 8d9b40ec 
Dealt to Hero [3s 4d]
Dealt to c492c028 
Dealt to 63039497 
8d9b40ec: folds
Hero: folds
c492c028: folds
63039497: folds
5d7c29bf: calls $0.03
7de3d498: checks
*** FLOP *** [Tc 6c Kh]
5d7c29bf: checks
7de3d498: checks
*** TURN *** [Tc 6c Kh] [Qs]
5d7c29bf: checks
7de3d498: checks
*** RIVER *** [Tc 6c Kh Qs] [7c]
5d7c29bf: checks
7de3d498: checks
5d7c29bf: shows [5d Ts] (Pair of Tens)
7de3d498: shows [2d Ad] (Ace-High)
*** SHOWDOWN ***
5d7c29bf collected $0.1 from pot
*** SUMMARY ***
Total pot $0.1 | Rake $0 | Jackpot $0 | Bingo $0 | Fortune $0 | Tax $0
Board [Tc 6c Kh Qs 7c]
Seat 1: 5d7c29bf (small blind) showed [5d Ts] and won ($0.1) with Pair of Tens
Seat 2: 7de3d498 (big blind) showed [2d Ad] and lost with Ace-High
Seat 3: 8d9b40ec folded before Flop (didn't bet)
Seat 4: Hero folded before Flop (didn't bet)
Seat 5: c492c028 folded before Flop (didn't bet)
Seat 6: 63039497 (button) folded before Flop (didn't bet)


Poker Hand #HD1724625233: Hold'em No Limit ($0.02/$0.05) - 2024/04/10 20:53:31
Table 'NLHBlue18' 6-max Seat #5 is the button
Seat 1: 5d7c29bf ($5.7 in chips)
Seat 2: 7de3d498 ($5.14 in chips)
Seat 3: 8d9b40ec ($7.17 in chips)
Seat 4: Hero ($7.13 in chips)
Seat 5: c492c028 ($2.89 in chips)
Seat 6: 63039497 ($5 in chips)
63039497: posts small blind $0.02
5d7c29bf: posts big blind $0.05
*** HOLE CARDS ***
Dealt to 5d7c29bf 
Dealt to 7de3d498 
Dealt to 8d9b40ec 
Dealt to Hero [2h As]
Dealt to c492c028 
Dealt to 63039497 
7de3d498: folds
8d9b40ec: folds
Hero: folds
c492c028: folds
63039497: folds
Uncalled bet ($0.03) returned to 5d7c29bf
*** SHOWDOWN ***
5d7c29bf collected $0.04 from pot
*** SUMMARY ***
Total pot $0.04 | Rake $0 | Jackpot $0 | Bingo $0 | Fortune $0 | Tax $0
Seat 1: 5d7c29bf (big blind) collected ($0.04)
Seat 2: 7de3d498 folded before Flop (didn't bet)
Seat 3: 8d9b40ec folded before Flop (didn't bet)
Seat 4: Hero folded before Flop (didn't bet)
Seat 5: c492c028 (button) folded before Flop (didn't bet)
Seat 6: 63039497 (small blind) folded before Flop


Poker Hand #HD1724625152: Hold'em No Limit ($0.02/$0.05) - 2024/04/10 20:52:52
Table 'NLHBlue18' 6-max Seat #4 is the button
Seat 1: 5d7c29bf ($5.7 in chips)
Seat 2: 7de3d498 ($5.14 in chips)
Seat 3: 8d9b40ec ($7.07 in chips)
Seat 4: Hero ($7.13 in chips)
Seat 5: c492c028 ($2.94 in chips)
Seat 6: 63039497 ($5 in chips)
c492c028: posts small blind $0.02
63039497: posts big blind $0.05
*** HOLE CARDS ***
Dealt to 5d7c29bf 
Dealt to 7de3d498 
Dealt to 8d9b40ec 
Dealt to Hero [Qs 4c]
Dealt to c492c028 
Dealt to 63039497 
5d7c29bf: folds
7de3d498: folds
8d9b40ec: calls $0.05
Hero: folds
c492c028: calls $0.03
63039497: checks
*** FLOP *** [Qc 2d 3d]
c492c028: checks
63039497: checks
8d9b40ec: bets $0.05
c492c028: folds
63039497: folds
Uncalled bet ($0.05) returned to 8d9b40ec
*** SHOWDOWN ***
8d9b40ec collected $0.15 from pot
*** SUMMARY ***
Total pot $0.15 | Rake $0 | Jackpot $0 | Bingo $0 | Fortune $0 | Tax $0
Board [Qc 2d 3d]
Seat 1: 5d7c29bf folded before Flop (didn't bet)
Seat 2: 7de3d498 folded before Flop (didn't bet)
Seat 3: 8d9b40ec won ($0.15)
Seat 4: Hero (button) folded before Flop (didn't bet)
Seat 5: c492c028 (small blind) folded on the Flop
Seat 6: 63039497 (big blind) folded on the Flop


Poker Hand #HD1724625128: Hold'em No Limit ($0.02/$0.05) - 2024/04/10 20:52:40
Table 'NLHBlue18' 6-max Seat #3 is the button
Seat 1: 5d7c29bf ($5.7 in chips)
Seat 2: 7de3d498 ($5.14 in chips)
Seat 3: 8d9b40ec ($7.07 in chips)
Seat 4: Hero ($7.15 in chips)
Seat 5: c492c028 ($2.92 in chips)
Seat 6: 63039497 ($5 in chips)
Hero: posts small blind $0.02
c492c028: posts big blind $0.05
*** HOLE CARDS ***
Dealt to 5d7c29bf 
Dealt to 7de3d498 
Dealt to 8d9b40ec 
Dealt to Hero [7c 9s]
Dealt to c492c028 
Dealt to 63039497 
63039497: folds
5d7c29bf: folds
7de3d498: folds
8d9b40ec: folds
Hero: folds
Uncalled bet ($0.03) returned to c492c028
*** SHOWDOWN ***
c492c028 collected $0.04 from pot
*** SUMMARY ***
Total pot $0.04 | Rake $0 | Jackpot $0 | Bingo $0 | Fortune $0 | Tax $0
Seat 1: 5d7c29bf folded before Flop (didn't bet)
Seat 2: 7de3d498 folded before Flop (didn't bet)
Seat 3: 8d9b40ec (button) folded before Flop (didn't bet)
Seat 4: Hero (small blind) folded before Flop
Seat 5: c492c028 (big blind) collected ($0.04)
Seat 6: 63039497 folded before Flop (didn't bet)


Poker Hand #HD1724624969: Hold'em No Limit ($0.02/$0.05) - 2024/04/10 20:51:17
Table 'NLHBlue18' 6-max Seat #2 is the button
Seat 1: 5d7c29bf ($5.7 in chips)
Seat 2: 7de3d498 ($5.14 in chips)
Seat 3: 8d9b40ec ($6.16 in chips)
Seat 4: Hero ($7.2 in chips)
Seat 5: c492c028 ($3.93 in chips)
Seat 6: 63039497 ($5 in chips)
8d9b40ec: posts small blind $0.02
Hero: posts big blind $0.05
*** HOLE CARDS ***
Dealt to 5d7c29bf 
Dealt to 7de3d498 
Dealt to 8d9b40ec 
Dealt to Hero [Jd 2c]
Dealt to c492c028 
Dealt to 63039497 
c492c028: calls $0.05
63039497: folds
5d7c29bf: folds
7de3d498: folds
8d9b40ec: raises $0.05 to $0.1
Hero: folds
c492c028: calls $0.05
*** FLOP *** [Th Js Ad]
8d9b40ec: bets $0.09
c492c028: raises $0.09 to $0.18
8d9b40ec: calls $0.09
*** TURN *** [Th Js Ad] [6s]
8d9b40ec: bets $0.21
c492c028: calls $0.21
*** RIVER *** [Th Js Ad 6s] [4c]
8d9b40ec: bets $0.52
c492c028: calls $0.52
8d9b40ec: shows [Qd Kh] (Aces-High Straight)
c492c028: shows [Ah Kc] (Pair of Aces)
*** SHOWDOWN ***
8d9b40ec collected $1.92 from pot
*** SUMMARY ***
Total pot $2.07 | Rake $0.1 | Jackpot $0.05 | Bingo $0 | Fortune $0 | Tax $0
Board [Th Js Ad 6s 4c]
Seat 1: 5d7c29bf folded before Flop (didn't bet)
Seat 2: 7de3d498 (button) folded before Flop (didn't bet)
Seat 3: 8d9b40ec (small blind) showed [Qd Kh] and won ($1.92) with Aces-High Straight
Seat 4: Hero (big blind) folded before Flop
Seat 5: c492c028 showed [Ah Kc] and lost with Pair of Aces
Seat 6: 63039497 folded before Flop (didn't bet)


Poker Hand #HD1724624852: Hold'em No Limit ($0.02/$0.05) - 2024/04/10 20:50:12
Table 'NLHBlue18' 6-max Seat #1 is the button
Seat 1: 5d7c29bf ($5.7 in chips)
Seat 2: 7de3d498 ($5.19 in chips)
Seat 3: 8d9b40ec ($5.79 in chips)
Seat 4: Hero ($7.2 in chips)
Seat 5: c492c028 ($4.28 in chips)
Seat 6: 63039497 ($5 in chips)
7de3d498: posts small blind $0.02
8d9b40ec: posts big blind $0.05
*** HOLE CARDS ***
Dealt to 5d7c29bf 
Dealt to 7de3d498 
Dealt to 8d9b40ec 
Dealt to Hero [Tc 3s]
Dealt to c492c028 
Dealt to 63039497 
Hero: folds
c492c028: calls $0.05
63039497: folds
5d7c29bf: folds
7de3d498: calls $0.03
8d9b40ec: checks
*** FLOP *** [8d Ad 7c]
7de3d498: checks
8d9b40ec: bets $0.08
c492c028: calls $0.08
7de3d498: folds
*** TURN *** [8d Ad 7c] [Ks]
8d9b40ec: bets $0.11
c492c028: raises $0.11 to $0.22
8d9b40ec: calls $0.11
*** RIVER *** [8d Ad 7c Ks] [5d]
8d9b40ec: bets $0.05
c492c028: folds
Uncalled bet ($0.05) returned to 8d9b40ec
*** SHOWDOWN ***
8d9b40ec collected $0.72 from pot
*** SUMMARY ***
Total pot $0.75 | Rake $0.03 | Jackpot $0 | Bingo $0 | Fortune $0 | Tax $0
Board [8d Ad 7c Ks 5d]
Seat 1: 5d7c29bf (button) folded before Flop (didn't bet)
Seat 2: 7de3d498 (small blind) folded on the Flop
Seat 3: 8d9b40ec (big blind) won ($0.72)
Seat 4: Hero folded before Flop (didn't bet)
Seat 5: c492c028 folded on the River
Seat 6: 63039497 folded before Flop (didn't bet)


Poker Hand #HD1724624685: Hold'em No Limit ($0.02/$0.05) - 2024/04/10 20:48:47
Table 'NLHBlue18' 6-max Seat #6 is the button
Seat 1: 5d7c29bf ($3.03 in chips)
Seat 2: 7de3d498 ($5.24 in chips)
Seat 3: 8d9b40ec ($5.79 in chips)
Seat 4: Hero ($7.2 in chips)
Seat 5: c492c028 ($4.28 in chips)
Seat 6: 63039497 ($5 in chips)
5d7c29bf: posts small blind $0.02
7de3d498: posts big blind $0.05
*** HOLE CARDS ***
Dealt to 5d7c29bf 
Dealt to 7de3d498 
Dealt to 8d9b40ec 
Dealt to Hero [8c 4c]
Dealt to c492c028 
Dealt to 63039497 
8d9b40ec: folds
Hero: folds
c492c028: folds
63039497: raises $0.08 to $0.13
5d7c29bf: raises $0.08 to $0.21
7de3d498: folds
63039497: calls $0.08
*** FLOP *** [Kc 3d 8h]
5d7c29bf: checks
63039497: checks
*** TURN *** [Kc 3d 8h] [Ah]
5d7c29bf: bets $0.05
63039497: raises $0.29 to $0.34
5d7c29bf: raises $0.58 to $0.92
63039497: raises $1.74 to $2.66
5d7c29bf: raises $0.16 to $2.82 and is all-in
63039497: calls $0.16
5d7c29bf: shows [Ks As] (Pair of Aces and Pair of Kings)
63039497: shows [Ac Qh] (Pair of Aces)
*** RIVER *** [Kc 3d 8h Ah] [2s]
*** SHOWDOWN ***
5d7c29bf collected $5.7 from pot
*** SUMMARY ***
Total pot $6.11 | Rake $0.36 | Jackpot $0.05 | Bingo $0 | Fortune $0 | Tax $0
Board [Kc 3d 8h Ah 2s]
Seat 1: 5d7c29bf (small blind) showed [Ks As] and won ($5.7) with Pair of Aces and Pair of Kings
Seat 2: 7de3d498 (big blind) folded before Flop
Seat 3: 8d9b40ec folded before Flop (didn't bet)
Seat 4: Hero folded before Flop (didn't bet)
Seat 5: c492c028 folded before Flop (didn't bet)
Seat 6: 63039497 (button) showed [Ac Qh] and lost with Pair of Aces


Poker Hand #HD1724624546: Hold'em No Limit ($0.02/$0.05) - 2024/04/10 20:47:42
Table 'NLHBlue18' 6-max Seat #5 is the button
Seat 1: 5d7c29bf ($3.43 in chips)
Seat 2: 7de3d498 ($5.37 in chips)
Seat 3: 8d9b40ec ($5.79 in chips)
Seat 4: Hero ($6.69 in chips)
Seat 5: c492c028 ($4.28 in chips)
Seat 6: 63039497 ($5 in chips)
63039497: posts small blind $0.02
5d7c29bf: posts big blind $0.05
*** HOLE CARDS ***
Dealt to 5d7c29bf 
Dealt to 7de3d498 
Dealt to 8d9b40ec 
Dealt to Hero [Ah Qs]
Dealt to c492c028 
Dealt to 63039497 
7de3d498: raises $0.08 to $0.13
8d9b40ec: folds
Hero: raises $0.27 to $0.4
c492c028: folds
63039497: folds
5d7c29bf: calls $0.35
7de3d498: folds
*** FLOP *** [2h 6c Th]
5d7c29bf: checks
Hero: checks
*** TURN *** [2h 6c Th] [9s]
5d7c29bf: checks
Hero: checks
*** RIVER *** [2h 6c Th 9s] [5d]
5d7c29bf: checks
Hero: checks
5d7c29bf: shows [Js Kh] (King-High)
Hero: shows [Ah Qs] (Ace-High)
*** SHOWDOWN ***
Hero collected $0.91 from pot
*** SUMMARY ***
Total pot $0.95 | Rake $0.04 | Jackpot $0 | Bingo $0 | Fortune $0 | Tax $0
Board [2h 6c Th 9s 5d]
Seat 1: 5d7c29bf (big blind) showed [Js Kh] and lost with King-High
Seat 2: 7de3d498 folded before Flop
Seat 3: 8d9b40ec folded before Flop (didn't bet)
Seat 4: Hero showed [Ah Qs] and won ($0.91) with Ace-High
Seat 5: c492c028 (button) folded before Flop (didn't bet)
Seat 6: 63039497 (small blind) folded before Flop


Poker Hand #HD1724624507: Hold'em No Limit ($0.02/$0.05) - 2024/04/10 20:47:21
Table 'NLHBlue18' 6-max Seat #4 is the button
Seat 1: 5d7c29bf ($3.36 in chips)
Seat 2: 7de3d498 ($5.37 in chips)
Seat 3: 8d9b40ec ($5.79 in chips)
Seat 4: Hero ($6.69 in chips)
Seat 5: c492c028 ($4.3 in chips)
Seat 6: 63039497 ($5 in chips)
c492c028: posts small blind $0.02
63039497: posts big blind $0.05
*** HOLE CARDS ***
Dealt to 5d7c29bf 
Dealt to 7de3d498 
Dealt to 8d9b40ec 
Dealt to Hero [As 9h]
Dealt to c492c028 
Dealt to 63039497 
5d7c29bf: raises $0.1 to $0.15
7de3d498: folds
8d9b40ec: folds
Hero: folds
c492c028: folds
63039497: folds
Uncalled bet ($0.1) returned to 5d7c29bf
*** SHOWDOWN ***
5d7c29bf collected $0.12 from pot
*** SUMMARY ***
Total pot $0.12 | Rake $0 | Jackpot $0 | Bingo $0 | Fortune $0 | Tax $0
Seat 1: 5d7c29bf collected ($0.12)
Seat 2: 7de3d498 folded before Flop (didn't bet)
Seat 3: 8d9b40ec folded before Flop (didn't bet)
Seat 4: Hero (button) folded before Flop (didn't bet)
Seat 5: c492c028 (small blind) folded before Flop
Seat 6: 63039497 (big blind) folded before Flop


Poker Hand #HD1724624477: Hold'em No Limit ($0.02/$0.05) - 2024/04/10 20:47:07
Table 'NLHBlue18' 6-max Seat #3 is the button
Seat 1: 5d7c29bf ($3.36 in chips)
Seat 2: 7de3d498 ($5.37 in chips)
Seat 3: 8d9b40ec ($5.79 in chips)
Seat 4: Hero ($6.64 in chips)
Seat 5: c492c028 ($4.35 in chips)
Hero: posts small blind $0.02
c492c028: posts big blind $0.05
*** HOLE CARDS ***
Dealt to 5d7c29bf 
Dealt to 7de3d498 
Dealt to 8d9b40ec 
Dealt to Hero [9s 8d]
Dealt to c492c028 
5d7c29bf: folds
7de3d498: folds
8d9b40ec: folds
Hero: raises $0.1 to $0.15
c492c028: folds
Uncalled bet ($0.1) returned to Hero
*** SHOWDOWN ***
Hero collected $0.1 from pot
*** SUMMARY ***
Total pot $0.1 | Rake $0 | Jackpot $0 | Bingo $0 | Fortune $0 | Tax $0
Seat 1: 5d7c29bf folded before Flop (didn't bet)
Seat 2: 7de3d498 folded before Flop (didn't bet)
Seat 3: 8d9b40ec (button) folded before Flop (didn't bet)
Seat 4: Hero (small blind) collected ($0.1)
Seat 5: c492c028 (big blind) folded before Flop


Poker Hand #HD1724624344: Hold'em No Limit ($0.02/$0.05) - 2024/04/10 20:45:55
Table 'NLHBlue18' 6-max Seat #2 is the button
Seat 1: 5d7c29bf ($3.56 in chips)
Seat 2: 7de3d498 ($5.37 in chips)
Seat 3: 8d9b40ec ($5.81 in chips)
Seat 4: Hero ($6.56 in chips)
Seat 5: c492c028 ($4.27 in chips)
8d9b40ec: posts small blind $0.02
Hero: posts big blind $0.05
*** HOLE CARDS ***
Dealt to 5d7c29bf 
Dealt to 7de3d498 
Dealt to 8d9b40ec 
Dealt to Hero [7c Ac]
Dealt to c492c028 
c492c028: calls $0.05
5d7c29bf: calls $0.05
7de3d498: folds
8d9b40ec: folds
Hero: raises $0.15 to $0.2
c492c028: calls $0.15
5d7c29bf: calls $0.15
*** FLOP *** [6h Ad Kc]
Hero: bets $0.2
c492c028: raises $0.2 to $0.4
5d7c29bf: folds
Hero: calls $0.2
*** TURN *** [6h Ad Kc] [Jd]
Hero: checks
c492c028: checks
*** RIVER *** [6h Ad Kc Jd] [Qh]
Hero: checks
c492c028: checks
Hero: shows [7c Ac] (Pair of Aces)
c492c028: shows [7s As] (Pair of Aces)
5d7c29bf: shows [Td] (Aces-High Straight)
*** SHOWDOWN ***
Hero collected $0.68 from pot
c492c028 collected $0.68 from pot
*** SUMMARY ***
Total pot $1.42 | Rake $0.06 | Jackpot $0 | Bingo $0 | Fortune $0 | Tax $0
Board [6h Ad Kc Jd Qh]
Seat 1: 5d7c29bf folded on the Flop
Seat 2: 7de3d498 (button) folded before Flop (didn't bet)
Seat 3: 8d9b40ec (small blind) folded before Flop
Seat 4: Hero (big blind) showed [7c Ac] and won ($0.68) with Pair of Aces
Seat 5: c492c028 showed [7s As] and won ($0.68) with Pair of Aces


Poker Hand #HD1724624263: Hold'em No Limit ($0.02/$0.05) - 2024/04/10 20:45:21
Table 'NLHBlue18' 6-max Seat #1 is the button
Seat 1: 5d7c29bf ($3.45 in chips)
Seat 2: 7de3d498 ($5.39 in chips)
Seat 3: 8d9b40ec ($5.86 in chips)
Seat 4: Hero ($6.56 in chips)
Seat 5: c492c028 ($4.32 in chips)
7de3d498: posts small blind $0.02
8d9b40ec: posts big blind $0.05
*** HOLE CARDS ***
Dealt to 5d7c29bf 
Dealt to 7de3d498 
Dealt to 8d9b40ec 
Dealt to Hero [Ks 3h]
Dealt to c492c028 
Hero: folds
c492c028: calls $0.05
5d7c29bf: calls $0.05
7de3d498: folds
8d9b40ec: checks
*** FLOP *** [5c 7c Kd]
8d9b40ec: checks
c492c028: checks
5d7c29bf: bets $0.2
8d9b40ec: folds
c492c028: folds
Uncalled bet ($0.2) returned to 5d7c29bf
*** SHOWDOWN ***
5d7c29bf collected $0.16 from pot
*** SUMMARY ***
Total pot $0.17 | Rake $0.01 | Jackpot $0 | Bingo $0 | Fortune $0 | Tax $0
Board [5c 7c Kd]
Seat 1: 5d7c29bf (button) won ($0.16)
Seat 2: 7de3d498 (small blind) folded before Flop
Seat 3: 8d9b40ec (big blind) folded on the Flop
Seat 4: Hero folded before Flop (didn't bet)
Seat 5: c492c028 folded on the Flop


Poker Hand #HD1724624210: Hold'em No Limit ($0.02/$0.05) - 2024/04/10 20:44:54
Table 'NLHBlue18' 6-max Seat #5 is the button
Seat 1: 5d7c29bf ($3.47 in chips)
Seat 2: 7de3d498 ($5.54 in chips)
Seat 3: 8d9b40ec ($5.56 in chips)
Seat 4: Hero ($6.56 in chips)
Seat 5: c492c028 ($4.47 in chips)
5d7c29bf: posts small blind $0.02
7de3d498: posts big blind $0.05
*** HOLE CARDS ***
Dealt to 5d7c29bf 
Dealt to 7de3d498 
Dealt to 8d9b40ec 
Dealt to Hero [4d Jh]
Dealt to c492c028 
8d9b40ec: raises $0.1 to $0.15
Hero: folds
c492c028: calls $0.15
5d7c29bf: folds
7de3d498: calls $0.1
*** FLOP *** [7h 4c 4s]
7de3d498: checks
8d9b40ec: bets $0.16
c492c028: folds
7de3d498: folds
Uncalled bet ($0.16) returned to 8d9b40ec
*** SHOWDOWN ***
8d9b40ec collected $0.45 from pot
*** SUMMARY ***
Total pot $0.47 | Rake $0.02 | Jackpot $0 | Bingo $0 | Fortune $0 | Tax $0
Board [7h 4c 4s]
Seat 1: 5d7c29bf (small blind) folded before Flop
Seat 2: 7de3d498 (big blind) folded on the Flop
Seat 3: 8d9b40ec won ($0.45)
Seat 4: Hero folded before Flop (didn't bet)
Seat 5: c492c028 (button) folded on the Flop


Poker Hand #HD1724624127: Hold'em No Limit ($0.02/$0.05) - 2024/04/10 20:44:17
Table 'NLHBlue18' 6-max Seat #4 is the button
Seat 1: 5d7c29bf ($3.17 in chips)
Seat 2: 7de3d498 ($5.54 in chips)
Seat 3: 8d9b40ec ($5.88 in chips)
Seat 4: Hero ($6.56 in chips)
Seat 5: c492c028 ($4.49 in chips)
c492c028: posts small blind $0.02
5d7c29bf: posts big blind $0.05
*** HOLE CARDS ***
Dealt to 5d7c29bf 
Dealt to 7de3d498 
Dealt to 8d9b40ec 
Dealt to Hero [2c 7d]
Dealt to c492c028 
7de3d498: folds
8d9b40ec: raises $0.1 to $0.15
Hero: folds
c492c028: folds
5d7c29bf: raises $0.17 to $0.32
8d9b40ec: calls $0.17
*** FLOP *** [2d Js 8h]
5d7c29bf: bets $0.66
8d9b40ec: folds
Uncalled bet ($0.66) returned to 5d7c29bf
5d7c29bf: shows [Ad]
*** SHOWDOWN ***
5d7c29bf collected $0.62 from pot
*** SUMMARY ***
Total pot $0.66 | Rake $0.04 | Jackpot $0 | Bingo $0 | Fortune $0 | Tax $0
Board [2d Js 8h]
Seat 1: 5d7c29bf (big blind) showed [Ad] and won ($0.62)
Seat 2: 7de3d498 folded before Flop (didn't bet)
Seat 3: 8d9b40ec folded on the Flop
Seat 4: Hero (button) folded before Flop (didn't bet)
Seat 5: c492c028 (small blind) folded before Flop


Poker Hand #HD1724624039: Hold'em No Limit ($0.02/$0.05) - 2024/04/10 20:43:37
Table 'NLHBlue18' 6-max Seat #3 is the button
Seat 1: 5d7c29bf ($3.17 in chips)
Seat 2: 7de3d498 ($5.54 in chips)
Seat 3: 8d9b40ec ($6.66 in chips)
Seat 4: Hero ($6.58 in chips)
Seat 5: c492c028 ($3.81 in chips)
Seat 6: df4c9bd8 ($4.55 in chips)
Hero: posts small blind $0.02
c492c028: posts big blind $0.05
*** HOLE CARDS ***
Dealt to 5d7c29bf 
Dealt to 7de3d498 
Dealt to 8d9b40ec 
Dealt to Hero [4s 3h]
Dealt to c492c028 
Dealt to df4c9bd8 
df4c9bd8: folds
5d7c29bf: folds
7de3d498: folds
8d9b40ec: raises $0.1 to $0.15
Hero: folds
c492c028: calls $0.1
*** FLOP *** [2c Th 4h]
c492c028: bets $0.05
8d9b40ec: calls $0.05
*** TURN *** [2c Th 4h] [8c]
c492c028: bets $0.21
8d9b40ec: calls $0.21
*** RIVER *** [2c Th 4h 8c] [Qd]
c492c028: bets $0.05
8d9b40ec: raises $0.32 to $0.37
c492c028: calls $0.32
8d9b40ec: shows [2d 9c] (Pair of Twos)
c492c028: shows [Jc Ts] (Pair of Tens)
*** SHOWDOWN ***
c492c028 collected $1.46 from pot
*** SUMMARY ***
Total pot $1.58 | Rake $0.07 | Jackpot $0.05 | Bingo $0 | Fortune $0 | Tax $0
Board [2c Th 4h 8c Qd]
Seat 1: 5d7c29bf folded before Flop (didn't bet)
Seat 2: 7de3d498 folded before Flop (didn't bet)
Seat 3: 8d9b40ec (button) showed [2d 9c] and lost with Pair of Twos
Seat 4: Hero (small blind) folded before Flop
Seat 5: c492c028 (big blind) showed [Jc Ts] and won ($1.46) with Pair of Tens
Seat 6: df4c9bd8 folded before Flop (didn't bet)


Poker Hand #HD1724623978: Hold'em No Limit ($0.02/$0.05) - 2024/04/10 20:43:09
Table 'NLHBlue18' 6-max Seat #2 is the button
Seat 1: 5d7c29bf ($3.17 in chips)
Seat 2: 7de3d498 ($5.42 in chips)
Seat 3: 8d9b40ec ($6.68 in chips)
Seat 4: Hero ($6.63 in chips)
Seat 5: c492c028 ($3.86 in chips)
Seat 6: df4c9bd8 ($4.55 in chips)
8d9b40ec: posts small blind $0.02
Hero: posts big blind $0.05
*** HOLE CARDS ***
Dealt to 5d7c29bf 
Dealt to 7de3d498 
Dealt to 8d9b40ec 
Dealt to Hero [7d Kd]
Dealt to c492c028 
Dealt to df4c9bd8 
c492c028: calls $0.05
df4c9bd8: folds
5d7c29bf: folds
7de3d498: raises $0.2 to $0.25
8d9b40ec: folds
Hero: folds
c492c028: folds
Uncalled bet ($0.2) returned to 7de3d498
*** SHOWDOWN ***
7de3d498 collected $0.17 from pot
*** SUMMARY ***
Total pot $0.17 | Rake $0 | Jackpot $0 | Bingo $0 | Fortune $0 | Tax $0
Seat 1: 5d7c29bf folded before Flop (didn't bet)
Seat 2: 7de3d498 (button) collected ($0.17)
Seat 3: 8d9b40ec (small blind) folded before Flop
Seat 4: Hero (big blind) folded before Flop
Seat 5: c492c028 folded before Flop
Seat 6: df4c9bd8 folded before Flop (didn't bet)


Poker Hand #HD1724623881: Hold'em No Limit ($0.02/$0.05) - 2024/04/10 20:42:24
Table 'NLHBlue18' 6-max Seat #1 is the button
Seat 1: 5d7c29bf ($3 in chips)
Seat 2: 7de3d498 ($5.44 in chips)
Seat 3: 8d9b40ec ($6.85 in chips)
Seat 4: Hero ($6.63 in chips)
Seat 5: c492c028 ($3.86 in chips)
Seat 6: df4c9bd8 ($4.55 in chips)
7de3d498: posts small blind $0.02
8d9b40ec: posts big blind $0.05
*** HOLE CARDS ***
Dealt to 5d7c29bf 
Dealt to 7de3d498 
Dealt to 8d9b40ec 
Dealt to Hero [9h 3h]
Dealt to c492c028 
Dealt to df4c9bd8 
Hero: folds
c492c028: folds
df4c9bd8: folds
5d7c29bf: calls $0.05
7de3d498: folds
8d9b40ec: checks
*** FLOP *** [9d 5c Ks]
8d9b40ec: checks
5d7c29bf: checks
*** TURN *** [9d 5c Ks] [Ac]
8d9b40ec: checks
5d7c29bf: checks
*** RIVER *** [9d 5c Ks Ac] [Js]
8d9b40ec: checks
5d7c29bf: bets $0.12
8d9b40ec: calls $0.12
5d7c29bf: shows [Qs Jh] (Pair of Jacks)
8d9b40ec: shows [7d Jd] (Pair of Jacks)
*** SHOWDOWN ***
5d7c29bf collected $0.34 from pot
*** SUMMARY ***
Total pot $0.36 | Rake $0.02 | Jackpot $0 | Bingo $0 | Fortune $0 | Tax $0
Board [9d 5c Ks Ac Js]
Seat 1: 5d7c29bf (button) showed [Qs Jh] and won ($0.34) with Pair of Jacks
Seat 2: 7de3d498 (small blind) folded before Flop
Seat 3: 8d9b40ec (big blind) showed [7d Jd] and lost with Pair of Jacks
Seat 4: Hero folded before Flop (didn't bet)
Seat 5: c492c028 folded before Flop (didn't bet)
Seat 6: df4c9bd8 folded before Flop (didn't bet)


Poker Hand #HD1724623773: Hold'em No Limit ($0.02/$0.05) - 2024/04/10 20:41:31
Table 'NLHBlue18' 6-max Seat #6 is the button
Seat 1: 5d7c29bf ($2.02 in chips)
Seat 2: 7de3d498 ($5.49 in chips)
Seat 3: 8d9b40ec ($6.85 in chips)
Seat 4: Hero ($6.63 in chips)
Seat 5: c492c028 ($4.86 in chips)
Seat 6: df4c9bd8 ($4.65 in chips)
5d7c29bf: posts small blind $0.02
7de3d498: posts big blind $0.05
*** HOLE CARDS ***
Dealt to 5d7c29bf 
Dealt to 7de3d498 
Dealt to 8d9b40ec 
Dealt to Hero [6s Jh]
Dealt to c492c028 
Dealt to df4c9bd8 
8d9b40ec: folds
Hero: folds
c492c028: calls $0.05
df4c9bd8: calls $0.05
5d7c29bf: raises $0.05 to $0.1
7de3d498: folds
c492c028: calls $0.05
df4c9bd8: calls $0.05
*** FLOP *** [7c As 4s]
5d7c29bf: checks
c492c028: bets $0.18
df4c9bd8: folds
5d7c29bf: raises $0.18 to $0.36
c492c028: calls $0.18
*** TURN *** [7c As 4s] [8c]
5d7c29bf: bets $0.54
c492c028: calls $0.54
*** RIVER *** [7c As 4s 8c] [Kh]
5d7c29bf: bets $1.02 and is all-in
c492c028: folds
Uncalled bet ($1.02) returned to 5d7c29bf
*** SHOWDOWN ***
5d7c29bf collected $1.98 from pot
*** SUMMARY ***
Total pot $2.15 | Rake $0.12 | Jackpot $0.05 | Bingo $0 | Fortune $0 | Tax $0
Board [7c As 4s 8c Kh]
Seat 1: 5d7c29bf (small blind) won ($1.98)
Seat 2: 7de3d498 (big blind) folded before Flop
Seat 3: 8d9b40ec folded before Flop (didn't bet)
Seat 4: Hero folded before Flop (didn't bet)
Seat 5: c492c028 folded on the River
Seat 6: df4c9bd8 (button) folded on the Flop


Poker Hand #HD1724623626: Hold'em No Limit ($0.02/$0.05) - 2024/04/10 20:40:30
Table 'NLHBlue18' 6-max Seat #5 is the button
Seat 1: 5d7c29bf ($3.81 in chips)
Seat 2: 7de3d498 ($5.49 in chips)
Seat 3: 8d9b40ec ($6.9 in chips)
Seat 4: Hero ($5 in chips)
Seat 5: c492c028 ($4.86 in chips)
Seat 6: df4c9bd8 ($4.67 in chips)
df4c9bd8: posts small blind $0.02
5d7c29bf: posts big blind $0.05
*** HOLE CARDS ***
Dealt to 5d7c29bf 
Dealt to 7de3d498 
Dealt to 8d9b40ec 
Dealt to Hero [9d Kd]
Dealt to c492c028 
Dealt to df4c9bd8 
7de3d498: folds
8d9b40ec: calls $0.05
Hero: raises $0.12 to $0.17
c492c028: folds
df4c9bd8: folds
5d7c29bf: calls $0.12
8d9b40ec: folds
*** FLOP *** [7c 4s 5d]
5d7c29bf: bets $0.22
Hero: calls $0.22
*** TURN *** [7c 4s 5d] [8d]
5d7c29bf: bets $0.3
Hero: calls $0.3
*** RIVER *** [7c 4s 5d 8d] [7d]
5d7c29bf: bets $1.1
Hero: calls $1.1
5d7c29bf: shows [Ts 6h] (Eights-High Straight)
Hero: shows [9d Kd] (King High Flush)
*** SHOWDOWN ***
Hero collected $3.42 from pot
*** SUMMARY ***
Total pot $3.65 | Rake $0.18 | Jackpot $0.05 | Bingo $0 | Fortune $0 | Tax $0
Board [7c 4s 5d 8d 7d]
Seat 1: 5d7c29bf (big blind) showed [Ts 6h] and lost with Eights-High Straight
Seat 2: 7de3d498 folded before Flop (didn't bet)
Seat 3: 8d9b40ec folded before Flop
Seat 4: Hero showed [9d Kd] and won ($3.42) with King High Flush
Seat 5: c492c028 (button) folded before Flop (didn't bet)
Seat 6: df4c9bd8 (small blind) folded before Flop


Poker Hand #HD1724623549: Hold'em No Limit ($0.02/$0.05) - 2024/04/10 20:39:47
Table 'NLHBlue18' 6-max Seat #4 is the button
Seat 1: 5d7c29bf ($3.81 in chips)
Seat 2: 7de3d498 ($5.49 in chips)
Seat 3: 8d9b40ec ($6.9 in chips)
Seat 4: Hero ($5 in chips)
Seat 5: c492c028 ($4.81 in chips)
Seat 6: df4c9bd8 ($4.72 in chips)
c492c028: posts small blind $0.02
df4c9bd8: posts big blind $0.05
*** HOLE CARDS ***
Dealt to 5d7c29bf 
Dealt to 7de3d498 
Dealt to 8d9b40ec 
Dealt to Hero [7s 6c]
Dealt to c492c028 
Dealt to df4c9bd8 
5d7c29bf: folds
7de3d498: folds
8d9b40ec: folds
Hero: folds
c492c028: calls $0.03
df4c9bd8: checks
*** FLOP *** [5d 9h Td]
c492c028: checks
df4c9bd8: checks
*** TURN *** [5d 9h Td] [3c]
c492c028: checks
df4c9bd8: checks
*** RIVER *** [5d 9h Td 3c] [4h]
c492c028: bets $0.05
df4c9bd8: folds
Uncalled bet ($0.05) returned to c492c028
*** SHOWDOWN ***
c492c028 collected $0.1 from pot
*** SUMMARY ***
Total pot $0.1 | Rake $0 | Jackpot $0 | Bingo $0 | Fortune $0 | Tax $0
Board [5d 9h Td 3c 4h]
Seat 1: 5d7c29bf folded before Flop (didn't bet)
Seat 2: 7de3d498 folded before Flop (didn't bet)
Seat 3: 8d9b40ec folded before Flop (didn't bet)
Seat 4: Hero (button) folded before Flop (didn't bet)
Seat 5: c492c028 (small blind) won ($0.1)
Seat 6: df4c9bd8 (big blind) folded on the River


Poker Hand #HD1724623520: Hold'em No Limit ($0.02/$0.05) - 2024/04/10 20:39:33
Table 'NLHBlue18' 6-max Seat #3 is the button
Seat 1: 5d7c29bf ($3.81 in chips)
Seat 2: 7de3d498 ($5.49 in chips)
Seat 3: 8d9b40ec ($6.9 in chips)
Seat 4: Hero ($5 in chips)
Seat 5: c492c028 ($4.79 in chips)
Seat 6: df4c9bd8 ($4.72 in chips)
Hero: posts small blind $0.02
c492c028: posts big blind $0.05
*** HOLE CARDS ***
Dealt to 5d7c29bf 
Dealt to 7de3d498 
Dealt to 8d9b40ec 
Dealt to Hero [3h Kd]
Dealt to c492c028 
Dealt to df4c9bd8 
df4c9bd8: folds
5d7c29bf: folds
7de3d498: folds
8d9b40ec: folds
Hero: folds
Uncalled bet ($0.03) returned to c492c028
*** SHOWDOWN ***
c492c028 collected $0.04 from pot
*** SUMMARY ***
Total pot $0.04 | Rake $0 | Jackpot $0 | Bingo $0 | Fortune $0 | Tax $0
Seat 1: 5d7c29bf folded before Flop (didn't bet)
Seat 2: 7de3d498 folded before Flop (didn't bet)
Seat 3: 8d9b40ec (button) folded before Flop (didn't bet)
Seat 4: Hero (small blind) folded before Flop
Seat 5: c492c028 (big blind) collected ($0.04)
Seat 6: df4c9bd8 folded before Flop (didn't bet)


Poker Hand #HD1724623433: Hold'em No Limit ($0.02/$0.05) - 2024/04/10 20:38:53
Table 'NLHBlue18' 6-max Seat #2 is the button
Seat 1: 5d7c29bf ($3.81 in chips)
Seat 2: 7de3d498 ($5.04 in chips)
Seat 3: 8d9b40ec ($7.34 in chips)
Seat 4: Hero ($5 in chips)
Seat 5: c492c028 ($4.79 in chips)
Seat 6: df4c9bd8 ($4.72 in chips)
8d9b40ec: posts small blind $0.02
Hero: posts big blind $0.05
*** HOLE CARDS ***
Dealt to 5d7c29bf 
Dealt to 7de3d498 
Dealt to 8d9b40ec 
Dealt to Hero [8h Kh]
Dealt to c492c028 
Dealt to df4c9bd8 
c492c028: folds
df4c9bd8: folds
5d7c29bf: folds
7de3d498: raises $0.08 to $0.13
8d9b40ec: raises $0.08 to $0.21
Hero: folds
7de3d498: raises $0.23 to $0.44
8d9b40ec: calls $0.23
*** FLOP *** [5s Td 7d]
8d9b40ec: checks
7de3d498: bets $0.93
8d9b40ec: folds
Uncalled bet ($0.93) returned to 7de3d498
*** SHOWDOWN ***
7de3d498 collected $0.89 from pot
*** SUMMARY ***
Total pot $0.93 | Rake $0.04 | Jackpot $0 | Bingo $0 | Fortune $0 | Tax $0
Board [5s Td 7d]
Seat 1: 5d7c29bf folded before Flop (didn't bet)
Seat 2: 7de3d498 (button) won ($0.89)
Seat 3: 8d9b40ec (small blind) folded on the Flop
Seat 4: Hero (big blind) folded before Flop
Seat 5: c492c028 folded before Flop (didn't bet)
Seat 6: df4c9bd8 folded before Flop (didn't bet)


Poker Hand #HD1724623369: Hold'em No Limit ($0.02/$0.05) - 2024/04/10 20:38:23
Table 'NLHBlue18' 6-max Seat #1 is the button
Seat 1: 5d7c29bf ($3.81 in chips)
Seat 2: 7de3d498 ($5.06 in chips)
Seat 3: 8d9b40ec ($7.23 in chips)
Seat 4: Hero ($5 in chips)
Seat 5: c492c028 ($4.79 in chips)
Seat 6: df4c9bd8 ($4.72 in chips)
7de3d498: posts small blind $0.02
8d9b40ec: posts big blind $0.05
*** HOLE CARDS ***
Dealt to 5d7c29bf 
Dealt to 7de3d498 
Dealt to 8d9b40ec 
Dealt to Hero [Ad Kh]
Dealt to c492c028 
Dealt to df4c9bd8 
Hero: raises $0.05 to $0.1
c492c028: folds
df4c9bd8: folds
5d7c29bf: folds
7de3d498: folds
8d9b40ec: calls $0.05
*** FLOP *** [3c 9h Jc]
8d9b40ec: bets $0.08
Hero: folds
Uncalled bet ($0.08) returned to 8d9b40ec
*** SHOWDOWN ***
8d9b40ec collected $0.21 from pot
*** SUMMARY ***
Total pot $0.22 | Rake $0.01 | Jackpot $0 | Bingo $0 | Fortune $0 | Tax $0
Board [3c 9h Jc]
Seat 1: 5d7c29bf (button) folded before Flop (didn't bet)
Seat 2: 7de3d498 (small blind) folded before Flop
Seat 3: 8d9b40ec (big blind) won ($0.21)
Seat 4: Hero folded on the Flop
Seat 5: c492c028 folded before Flop (didn't bet)
Seat 6: df4c9bd8 folded before Flop (didn't bet)


Poker Hand #HD1724623247: Hold'em No Limit ($0.02/$0.05) - 2024/04/10 20:37:23
Table 'NLHBlue18' 6-max Seat #6 is the button
Seat 1: 5d7c29bf ($3.18 in chips)
Seat 2: 7de3d498 ($5.21 in chips)
Seat 3: 8d9b40ec ($7.78 in chips)
Seat 4: Hero ($5 in chips)
Seat 5: c492c028 ($4.79 in chips)
Seat 6: df4c9bd8 ($4.72 in chips)
5d7c29bf: posts small blind $0.02
7de3d498: posts big blind $0.05
*** HOLE CARDS ***
Dealt to 5d7c29bf 
Dealt to 7de3d498 
Dealt to 8d9b40ec 
Dealt to Hero [Jh Td]
Dealt to c492c028 
Dealt to df4c9bd8 
8d9b40ec: raises $0.1 to $0.15
Hero: folds
c492c028: folds
df4c9bd8: folds
5d7c29bf: calls $0.13
7de3d498: calls $0.1
*** FLOP *** [9d Jc Qc]
5d7c29bf: checks
7de3d498: checks
8d9b40ec: bets $0.15
5d7c29bf: calls $0.15
7de3d498: folds
*** TURN *** [9d Jc Qc] [4h]
5d7c29bf: checks
8d9b40ec: bets $0.25
5d7c29bf: calls $0.25
*** RIVER *** [9d Jc Qc 4h] [5c]
5d7c29bf: bets $0.94
8d9b40ec: folds
Uncalled bet ($0.94) returned to 5d7c29bf
5d7c29bf: shows [7c] (Queen-High)
*** SHOWDOWN ***
5d7c29bf collected $1.18 from pot
*** SUMMARY ***
Total pot $1.25 | Rake $0.07 | Jackpot $0 | Bingo $0 | Fortune $0 | Tax $0
Board [9d Jc Qc 4h 5c]
Seat 1: 5d7c29bf (small blind) showed [7c] and won ($1.18)
Seat 2: 7de3d498 (big blind) folded on the Flop
Seat 3: 8d9b40ec folded on the River
Seat 4: Hero folded before Flop (didn't bet)
Seat 5: c492c028 folded before Flop (didn't bet)
Seat 6: df4c9bd8 (button) folded before Flop (didn't bet)


Poker Hand #HD1724623102: Hold'em No Limit ($0.02/$0.05) - 2024/04/10 20:36:15
Table 'NLHBlue18' 6-max Seat #5 is the button
Seat 1: 5d7c29bf ($3.28 in chips)
Seat 2: 7de3d498 ($5.21 in chips)
Seat 3: 8d9b40ec ($8.02 in chips)
Seat 4: Hero ($5 in chips)
Seat 5: c492c028 ($4.38 in chips)
Seat 6: df4c9bd8 ($4.82 in chips)
df4c9bd8: posts small blind $0.02
5d7c29bf: posts big blind $0.05
*** HOLE CARDS ***
Dealt to 5d7c29bf 
Dealt to 7de3d498 
Dealt to 8d9b40ec 
Dealt to Hero [4d 3s]
Dealt to c492c028 
Dealt to df4c9bd8 
7de3d498: folds
8d9b40ec: raises $0.05 to $0.1
Hero: folds
c492c028: calls $0.1
df4c9bd8: calls $0.08
5d7c29bf: calls $0.05
*** FLOP *** [9c 5h 6d]
df4c9bd8: checks
5d7c29bf: checks
8d9b40ec: bets $0.14
c492c028: raises $0.14 to $0.28
df4c9bd8: folds
5d7c29bf: folds
8d9b40ec: folds
Uncalled bet ($0.14) returned to c492c028
*** SHOWDOWN ***
c492c028 collected $0.65 from pot
*** SUMMARY ***
Total pot $0.68 | Rake $0.03 | Jackpot $0 | Bingo $0 | Fortune $0 | Tax $0
Board [9c 5h 6d]
Seat 1: 5d7c29bf (big blind) folded on the Flop
Seat 2: 7de3d498 folded before Flop (didn't bet)
Seat 3: 8d9b40ec folded on the Flop
Seat 4: Hero folded before Flop (didn't bet)
Seat 5: c492c028 (button) won ($0.65)
Seat 6: df4c9bd8 (small blind) folded on the Flop


Poker Hand #HD1724622999: Hold'em No Limit ($0.02/$0.05) - 2024/04/10 20:35:26
Table 'NLHBlue18' 6-max Seat #4 is the button
Seat 1: 5d7c29bf ($4.84 in chips)
Seat 2: 7de3d498 ($5.21 in chips)
Seat 3: 8d9b40ec ($6.59 in chips)
Seat 4: Hero ($5 in chips)
Seat 5: c492c028 ($4.4 in chips)
Seat 6: df4c9bd8 ($4.87 in chips)
c492c028: posts small blind $0.02
df4c9bd8: posts big blind $0.05
*** HOLE CARDS ***
Dealt to 5d7c29bf 
Dealt to 7de3d498 
Dealt to 8d9b40ec 
Dealt to Hero [Ts Td]
Dealt to c492c028 
Dealt to df4c9bd8 
5d7c29bf: raises $0.15 to $0.2
7de3d498: folds
8d9b40ec: raises $0.24 to $0.44
Hero: folds
c492c028: folds
df4c9bd8: folds
5d7c29bf: calls $0.24
*** FLOP *** [3h 7d 7c]
5d7c29bf: checks
8d9b40ec: bets $0.32
5d7c29bf: calls $0.32
*** TURN *** [3h 7d 7c] [7s]
5d7c29bf: checks
8d9b40ec: bets $0.8
5d7c29bf: calls $0.8
*** RIVER *** [3h 7d 7c 7s] [4s]
5d7c29bf: checks
8d9b40ec: checks
5d7c29bf: shows [Ah 2c] (Three Sevens)
8d9b40ec: shows [As Kd] (Three Sevens)
*** SHOWDOWN ***
8d9b40ec collected $2.99 from pot
*** SUMMARY ***
Total pot $3.19 | Rake $0.15 | Jackpot $0.05 | Bingo $0 | Fortune $0 | Tax $0
Board [3h 7d 7c 7s 4s]
Seat 1: 5d7c29bf showed [Ah 2c] and lost with Three Sevens
Seat 2: 7de3d498 folded before Flop (didn't bet)
Seat 3: 8d9b40ec showed [As Kd] and won ($2.99) with Three Sevens
Seat 4: Hero (button) folded before Flop (didn't bet)
Seat 5: c492c028 (small blind) folded before Flop
Seat 6: df4c9bd8 (big blind) folded before Flop


Poker Hand #HD1724622924: Hold'em No Limit ($0.02/$0.05) - 2024/04/10 20:34:55
Table 'NLHBlue18' 6-max Seat #3 is the button
Seat 1: 5d7c29bf ($5.05 in chips)
Seat 2: 7de3d498 ($5.21 in chips)
Seat 3: 8d9b40ec ($6.59 in chips)
Seat 4: Hero ($5 in chips)
Seat 5: c492c028 ($4.19 in chips)
Hero: posts small blind $0.02
c492c028: posts big blind $0.05
*** HOLE CARDS ***
Dealt to 5d7c29bf 
Dealt to 7de3d498 
Dealt to 8d9b40ec 
Dealt to Hero [6s Jc]
Dealt to c492c028 
5d7c29bf: calls $0.05
7de3d498: folds
8d9b40ec: folds
Hero: folds
c492c028: raises $0.05 to $0.1
5d7c29bf: calls $0.05
*** FLOP *** [9c 9h Qd]
c492c028: bets $0.11
5d7c29bf: calls $0.11
*** TURN *** [9c 9h Qd] [6d]
c492c028: bets $0.22
5d7c29bf: folds
Uncalled bet ($0.22) returned to c492c028
*** SHOWDOWN ***
c492c028 collected $0.42 from pot
*** SUMMARY ***
Total pot $0.44 | Rake $0.02 | Jackpot $0 | Bingo $0 | Fortune $0 | Tax $0
Board [9c 9h Qd 6d]
Seat 1: 5d7c29bf folded on the Turn
Seat 2: 7de3d498 folded before Flop (didn't bet)
Seat 3: 8d9b40ec (button) folded before Flop (didn't bet)
Seat 4: Hero (small blind) folded before Flop
Seat 5: c492c028 (big blind) won ($0.42)


Poker Hand #HD1724622828: Hold'em No Limit ($0.02/$0.05) - 2024/04/10 20:34:02
Table 'NLHBlue18' 6-max Seat #2 is the button
Seat 1: 5d7c29bf ($6.39 in chips)
Seat 2: 7de3d498 ($5.21 in chips)
Seat 3: 8d9b40ec ($5.38 in chips)
Seat 4: Hero ($5 in chips)
Seat 5: c492c028 ($4.19 in chips)
8d9b40ec: posts small blind $0.02
Hero: posts big blind $0.05
*** HOLE CARDS ***
Dealt to 5d7c29bf 
Dealt to 7de3d498 
Dealt to 8d9b40ec 
Dealt to Hero [Jd 7c]
Dealt to c492c028 
c492c028: folds
5d7c29bf: raises $0.15 to $0.2
7de3d498: folds
8d9b40ec: calls $0.18
Hero: folds
*** FLOP *** [Tc 2h 9d]
8d9b40ec: bets $0.15
5d7c29bf: raises $0.25 to $0.4
8d9b40ec: calls $0.25
*** TURN *** [Tc 2h 9d] [8s]
8d9b40ec: bets $0.05
5d7c29bf: raises $0.69 to $0.74
8d9b40ec: raises $4.04 to $4.78 and is all-in
5d7c29bf: folds
Uncalled bet ($4.04) returned to 8d9b40ec
5d7c29bf: shows [As] (Ace-High)
*** SHOWDOWN ***
8d9b40ec collected $2.55 from pot
*** SUMMARY ***
Total pot $2.73 | Rake $0.13 | Jackpot $0.05 | Bingo $0 | Fortune $0 | Tax $0
Board [Tc 2h 9d 8s]
Seat 1: 5d7c29bf folded on the Turn
Seat 2: 7de3d498 (button) folded before Flop (didn't bet)
Seat 3: 8d9b40ec (small blind) won ($2.55)
Seat 4: Hero (big blind) folded before Flop
Seat 5: c492c028 folded before Flop (didn't bet)


Poker Hand #HD1724622790: Hold'em No Limit ($0.02/$0.05) - 2024/04/10 20:33:45
Table 'NLHBlue18' 6-max Seat #1 is the button
Seat 1: 5d7c29bf ($6.39 in chips)
Seat 2: 7de3d498 ($5.16 in chips)
Seat 3: 8d9b40ec ($5.43 in chips)
Seat 4: Hero ($5 in chips)
Seat 5: c492c028 ($4.19 in chips)
7de3d498: posts small blind $0.02
8d9b40ec: posts big blind $0.05
*** HOLE CARDS ***
Dealt to 5d7c29bf 
Dealt to 7de3d498 
Dealt to 8d9b40ec 
Dealt to Hero [5c 8d]
Dealt to c492c028 
Hero: folds
c492c028: folds
5d7c29bf: folds
7de3d498: raises $0.08 to $0.13
8d9b40ec: folds
Uncalled bet ($0.08) returned to 7de3d498
*** SHOWDOWN ***
7de3d498 collected $0.1 from pot
*** SUMMARY ***
Total pot $0.1 | Rake $0 | Jackpot $0 | Bingo $0 | Fortune $0 | Tax $0
Seat 1: 5d7c29bf (button) folded before Flop (didn't bet)
Seat 2: 7de3d498 (small blind) collected ($0.1)
Seat 3: 8d9b40ec (big blind) folded before Flop
Seat 4: Hero folded before Flop (didn't bet)
Seat 5: c492c028 folded before Flop (didn't bet)


Poker Hand #HD1724622729: Hold'em No Limit ($0.02/$0.05) - 2024/04/10 20:33:09
Table 'NLHBlue18' 6-max Seat #6 is the button
Seat 1: 5d7c29bf ($6.34 in chips)
Seat 2: 7de3d498 ($5.21 in chips)
Seat 3: 8d9b40ec ($5.43 in chips)
Seat 4: Hero ($5 in chips)
Seat 5: c492c028 ($4.19 in chips)
Seat 6: df4c9bd8 ($4.87 in chips)
5d7c29bf: posts small blind $0.02
7de3d498: posts big blind $0.05
*** HOLE CARDS ***
Dealt to 5d7c29bf 
Dealt to 7de3d498 
Dealt to 8d9b40ec 
Dealt to Hero [3c 9c]
Dealt to c492c028 
Dealt to df4c9bd8 
8d9b40ec: folds
Hero: folds
c492c028: folds
df4c9bd8: folds
5d7c29bf: calls $0.03
7de3d498: checks
*** FLOP *** [Jd Qc 8s]
5d7c29bf: bets $0.05
7de3d498: folds
Uncalled bet ($0.05) returned to 5d7c29bf
*** SHOWDOWN ***
5d7c29bf collected $0.1 from pot
*** SUMMARY ***
Total pot $0.1 | Rake $0 | Jackpot $0 | Bingo $0 | Fortune $0 | Tax $0
Board [Jd Qc 8s]
Seat 1: 5d7c29bf (small blind) won ($0.1)
Seat 2: 7de3d498 (big blind) folded on the Flop
Seat 3: 8d9b40ec folded before Flop (didn't bet)
Seat 4: Hero folded before Flop (didn't bet)
Seat 5: c492c028 folded before Flop (didn't bet)
Seat 6: df4c9bd8 (button) folded before Flop (didn't bet)


Poker Hand #HD1724622597: Hold'em No Limit ($0.02/$0.05) - 2024/04/10 20:32:11
Table 'NLHBlue18' 6-max Seat #5 is the button
Seat 1: 5d7c29bf ($5.36 in chips)
Seat 2: 7de3d498 ($5.21 in chips)
Seat 3: 8d9b40ec ($5.43 in chips)
Seat 4: Hero ($5 in chips)
Seat 5: c492c028 ($4.74 in chips)
Seat 6: df4c9bd8 ($4.89 in chips)
df4c9bd8: posts small blind $0.02
5d7c29bf: posts big blind $0.05
*** HOLE CARDS ***
Dealt to 5d7c29bf 
Dealt to 7de3d498 
Dealt to 8d9b40ec 
Dealt to Hero [Tc Th]
Dealt to c492c028 
Dealt to df4c9bd8 
7de3d498: folds
8d9b40ec: folds
Hero: raises $0.08 to $0.13
c492c028: calls $0.13
df4c9bd8: folds
5d7c29bf: raises $0.08 to $0.21
Hero: raises $0.34 to $0.55
c492c028: calls $0.42
5d7c29bf: calls $0.34
*** FLOP *** [8s 2s Jd]
5d7c29bf: bets $1.68
Hero: folds
c492c028: folds
Uncalled bet ($1.68) returned to 5d7c29bf
*** SHOWDOWN ***
5d7c29bf collected $1.53 from pot
*** SUMMARY ***
Total pot $1.67 | Rake $0.09 | Jackpot $0.05 | Bingo $0 | Fortune $0 | Tax $0
Board [8s 2s Jd]
Seat 1: 5d7c29bf (big blind) won ($1.53)
Seat 2: 7de3d498 folded before Flop (didn't bet)
Seat 3: 8d9b40ec folded before Flop (didn't bet)
Seat 4: Hero folded on the Flop
Seat 5: c492c028 (button) folded on the Flop
Seat 6: df4c9bd8 (small blind) folded before Flop


Poker Hand #HD1724622496: Hold'em No Limit ($0.02/$0.05) - 2024/04/10 20:31:28
Table 'NLHBlue18' 6-max Seat #4 is the button
Seat 1: 5d7c29bf ($5.36 in chips)
Seat 2: 7de3d498 ($5.21 in chips)
Seat 3: 8d9b40ec ($5.43 in chips)
Seat 4: Hero ($5 in chips)
Seat 5: c492c028 ($4.79 in chips)
Seat 6: df4c9bd8 ($4.84 in chips)
c492c028: posts small blind $0.02
df4c9bd8: posts big blind $0.05
*** HOLE CARDS ***
Dealt to 5d7c29bf 
Dealt to 7de3d498 
Dealt to 8d9b40ec 
Dealt to Hero [Th 7d]
Dealt to c492c028 
Dealt to df4c9bd8 
5d7c29bf: folds
7de3d498: folds
8d9b40ec: folds
Hero: folds
c492c028: calls $0.03
df4c9bd8: checks
*** FLOP *** [7c Ad Ah]
c492c028: checks
df4c9bd8: bets $0.05
c492c028: folds
Uncalled bet ($0.05) returned to df4c9bd8
*** SHOWDOWN ***
df4c9bd8 collected $0.1 from pot
*** SUMMARY ***
Total pot $0.1 | Rake $0 | Jackpot $0 | Bingo $0 | Fortune $0 | Tax $0
Board [7c Ad Ah]
Seat 1: 5d7c29bf folded before Flop (didn't bet)
Seat 2: 7de3d498 folded before Flop (didn't bet)
Seat 3: 8d9b40ec folded before Flop (didn't bet)
Seat 4: Hero (button) folded before Flop (didn't bet)
Seat 5: c492c028 (small blind) folded on the Flop
Seat 6: df4c9bd8 (big blind) won ($0.1)


Poker Hand #HD1724622463: Hold'em No Limit ($0.02/$0.05) - 2024/04/10 20:31:13
Table 'NLHBlue18' 6-max Seat #3 is the button
Seat 1: 5d7c29bf ($5.36 in chips)
Seat 2: 7de3d498 ($5.21 in chips)
Seat 3: 8d9b40ec ($5.43 in chips)
Seat 4: Hero ($5 in chips)
Seat 5: c492c028 ($4.77 in chips)
Seat 6: df4c9bd8 ($4.84 in chips)
Hero: posts small blind $0.02
c492c028: posts big blind $0.05
*** HOLE CARDS ***
Dealt to 5d7c29bf 
Dealt to 7de3d498 
Dealt to 8d9b40ec 
Dealt to Hero [2d Th]
Dealt to c492c028 
Dealt to df4c9bd8 
df4c9bd8: folds
5d7c29bf: folds
7de3d498: folds
8d9b40ec: folds
Hero: folds
Uncalled bet ($0.03) returned to c492c028
*** SHOWDOWN ***
c492c028 collected $0.04 from pot
*** SUMMARY ***
Total pot $0.04 | Rake $0 | Jackpot $0 | Bingo $0 | Fortune $0 | Tax $0
Seat 1: 5d7c29bf folded before Flop (didn't bet)
Seat 2: 7de3d498 folded before Flop (didn't bet)
Seat 3: 8d9b40ec (button) folded before Flop (didn't bet)
Seat 4: Hero (small blind) folded before Flop
Seat 5: c492c028 (big blind) collected ($0.04)
Seat 6: df4c9bd8 folded before Flop (didn't bet)


Poker Hand #HD1724622384: Hold'em No Limit ($0.02/$0.05) - 2024/04/10 20:30:34
Table 'NLHBlue18' 6-max Seat #2 is the button
Seat 1: 5d7c29bf ($5.36 in chips)
Seat 2: 7de3d498 ($5.21 in chips)
Seat 3: 8d9b40ec ($5.53 in chips)
Seat 4: Hero ($5 in chips)
Seat 5: c492c028 ($4.63 in chips)
Seat 6: df4c9bd8 ($4.84 in chips)
8d9b40ec: posts small blind $0.02
Hero: posts big blind $0.05
*** HOLE CARDS ***
Dealt to 5d7c29bf 
Dealt to 7de3d498 
Dealt to 8d9b40ec 
Dealt to Hero [9h 5h]
Dealt to c492c028 
Dealt to df4c9bd8 
c492c028: calls $0.05
df4c9bd8: folds
5d7c29bf: folds
7de3d498: folds
8d9b40ec: calls $0.03
Hero: checks
*** FLOP *** [Js Ah 8d]
8d9b40ec: checks
Hero: checks
c492c028: bets $0.05
8d9b40ec: calls $0.05
Hero: folds
*** TURN *** [Js Ah 8d] [Ks]
8d9b40ec: checks
c492c028: bets $0.05
8d9b40ec: folds
Uncalled bet ($0.05) returned to c492c028
*** SHOWDOWN ***
c492c028 collected $0.24 from pot
*** SUMMARY ***
Total pot $0.25 | Rake $0.01 | Jackpot $0 | Bingo $0 | Fortune $0 | Tax $0
Board [Js Ah 8d Ks]
Seat 1: 5d7c29bf folded before Flop (didn't bet)
Seat 2: 7de3d498 (button) folded before Flop (didn't bet)
Seat 3: 8d9b40ec (small blind) folded on the Turn
Seat 4: Hero (big blind) folded on the Flop
Seat 5: c492c028 won ($0.24)
Seat 6: df4c9bd8 folded before Flop (didn't bet)


Poker Hand #HD1724622337: Hold'em No Limit ($0.02/$0.05) - 2024/04/10 20:30:12
Table 'NLHBlue18' 6-max Seat #1 is the button
Seat 1: 5d7c29bf ($5.36 in chips)
Seat 2: 7de3d498 ($5.23 in chips)
Seat 3: 8d9b40ec ($5.63 in chips)
Seat 4: Hero ($5 in chips)
Seat 5: c492c028 ($4.52 in chips)
Seat 6: df4c9bd8 ($4.84 in chips)
7de3d498: posts small blind $0.02
8d9b40ec: posts big blind $0.05
*** HOLE CARDS ***
Dealt to 5d7c29bf 
Dealt to 7de3d498 
Dealt to 8d9b40ec 
Dealt to Hero [Js 9h]
Dealt to c492c028 
Dealt to df4c9bd8 
Hero: folds
c492c028: calls $0.05
df4c9bd8: folds
5d7c29bf: folds
7de3d498: folds
8d9b40ec: raises $0.05 to $0.1
c492c028: calls $0.05
*** FLOP *** [4c 2h Kd]
8d9b40ec: checks
c492c028: bets $0.05
8d9b40ec: folds
Uncalled bet ($0.05) returned to c492c028
*** SHOWDOWN ***
c492c028 collected $0.21 from pot
*** SUMMARY ***
Total pot $0.22 | Rake $0.01 | Jackpot $0 | Bingo $0 | Fortune $0 | Tax $0
Board [4c 2h Kd]
Seat 1: 5d7c29bf (button) folded before Flop (didn't bet)
Seat 2: 7de3d498 (small blind) folded before Flop
Seat 3: 8d9b40ec (big blind) folded on the Flop
Seat 4: Hero folded before Flop (didn't bet)
Seat 5: c492c028 won ($0.21)
Seat 6: df4c9bd8 folded before Flop (didn't bet)


Poker Hand #HD1724622249: Hold'em No Limit ($0.02/$0.05) - 2024/04/10 20:29:29
Table 'NLHBlue18' 6-max Seat #6 is the button
Seat 1: 5d7c29bf ($5.31 in chips)
Seat 2: 7de3d498 ($5.28 in chips)
Seat 3: 8d9b40ec ($5.63 in chips)
Seat 4: Hero ($5 in chips)
Seat 5: c492c028 ($4.52 in chips)
Seat 6: df4c9bd8 ($4.84 in chips)
5d7c29bf: posts small blind $0.02
7de3d498: posts big blind $0.05
*** HOLE CARDS ***
Dealt to 5d7c29bf 
Dealt to 7de3d498 
Dealt to 8d9b40ec 
Dealt to Hero [3h 6c]
Dealt to c492c028 
Dealt to df4c9bd8 
8d9b40ec: folds
Hero: folds
c492c028: folds
df4c9bd8: folds
5d7c29bf: calls $0.03
7de3d498: checks
*** FLOP *** [Th Ks Ac]
5d7c29bf: checks
7de3d498: checks
*** TURN *** [Th Ks Ac] [3c]
5d7c29bf: checks
7de3d498: checks
*** RIVER *** [Th Ks Ac 3c] [9s]
5d7c29bf: checks
7de3d498: checks
5d7c29bf: shows [Td 5s] (Pair of Tens)
7de3d498: shows [9c Js] (Pair of Nines)
*** SHOWDOWN ***
5d7c29bf collected $0.1 from pot
*** SUMMARY ***
Total pot $0.1 | Rake $0 | Jackpot $0 | Bingo $0 | Fortune $0 | Tax $0
Board [Th Ks Ac 3c 9s]
Seat 1: 5d7c29bf (small blind) showed [Td 5s] and won ($0.1) with Pair of Tens
Seat 2: 7de3d498 (big blind) showed [9c Js] and lost with Pair of Nines
Seat 3: 8d9b40ec folded before Flop (didn't bet)
Seat 4: Hero folded before Flop (didn't bet)
Seat 5: c492c028 folded before Flop (didn't bet)
Seat 6: df4c9bd8 (button) folded before Flop (didn't bet)


Poker Hand #HD1724622106: Hold'em No Limit ($0.02/$0.05) - 2024/04/10 20:28:17
Table 'NLHBlue18' 6-max Seat #5 is the button
Seat 1: 5d7c29bf ($5.36 in chips)
Seat 2: 7de3d498 ($5.28 in chips)
Seat 3: 8d9b40ec ($5.93 in chips)
Seat 4: Hero ($5 in chips)
Seat 5: c492c028 ($4.52 in chips)
Seat 6: df4c9bd8 ($4.52 in chips)
df4c9bd8: posts small blind $0.02
5d7c29bf: posts big blind $0.05
*** HOLE CARDS ***
Dealt to 5d7c29bf 
Dealt to 7de3d498 
Dealt to 8d9b40ec 
Dealt to Hero [6c 3c]
Dealt to c492c028 
Dealt to df4c9bd8 
7de3d498: folds
8d9b40ec: calls $0.05
Hero: folds
c492c028: folds
df4c9bd8: calls $0.03
5d7c29bf: checks
*** FLOP *** [Qd Qh Tc]
df4c9bd8: bets $0.1
5d7c29bf: folds
8d9b40ec: calls $0.1
*** TURN *** [Qd Qh Tc] [Kd]
df4c9bd8: bets $0.15
8d9b40ec: calls $0.15
*** RIVER *** [Qd Qh Tc Kd] [Jd]
df4c9bd8: bets $0.49
8d9b40ec: folds
Uncalled bet ($0.49) returned to df4c9bd8
df4c9bd8: shows [9d Td] (King-High Straight Flush)
*** SHOWDOWN ***
df4c9bd8 collected $0.62 from pot
*** SUMMARY ***
Total pot $0.65 | Rake $0.03 | Jackpot $0 | Bingo $0 | Fortune $0 | Tax $0
Board [Qd Qh Tc Kd Jd]
Seat 1: 5d7c29bf (big blind) folded on the Flop
Seat 2: 7de3d498 folded before Flop (didn't bet)
Seat 3: 8d9b40ec folded on the River
Seat 4: Hero folded before Flop (didn't bet)
Seat 5: c492c028 (button) folded before Flop (didn't bet)
Seat 6: df4c9bd8 (small blind) showed [9d Td] and won ($0.62)


Poker Hand #HD1724622028: Hold'em No Limit ($0.02/$0.05) - 2024/04/10 20:27:39
Table 'NLHBlue18' 6-max Seat #4 is the button
Seat 1: 5d7c29bf ($5.36 in chips)
Seat 2: 7de3d498 ($5.28 in chips)
Seat 3: 8d9b40ec ($5.86 in chips)
Seat 4: Hero ($5 in chips)
Seat 5: c492c028 ($4.54 in chips)
Seat 6: df4c9bd8 ($4.57 in chips)
c492c028: posts small blind $0.02
df4c9bd8: posts big blind $0.05
*** HOLE CARDS ***
Dealt to 5d7c29bf 
Dealt to 7de3d498 
Dealt to 8d9b40ec 
Dealt to Hero [7c 5d]
Dealt to c492c028 
Dealt to df4c9bd8 
5d7c29bf: folds
7de3d498: folds
8d9b40ec: raises $0.05 to $0.1
Hero: folds
c492c028: folds
df4c9bd8: folds
Uncalled bet ($0.05) returned to 8d9b40ec
*** SHOWDOWN ***
8d9b40ec collected $0.12 from pot
*** SUMMARY ***
Total pot $0.12 | Rake $0 | Jackpot $0 | Bingo $0 | Fortune $0 | Tax $0
Seat 1: 5d7c29bf folded before Flop (didn't bet)
Seat 2: 7de3d498 folded before Flop (didn't bet)
Seat 3: 8d9b40ec collected ($0.12)
Seat 4: Hero (button) folded before Flop (didn't bet)
Seat 5: c492c028 (small blind) folded before Flop
Seat 6: df4c9bd8 (big blind) folded before Flop


Poker Hand #HD1724621918: Hold'em No Limit ($0.02/$0.05) - 2024/04/10 20:26:46
Table 'NLHBlue18' 6-max Seat #3 is the button
Seat 1: 5d7c29bf ($6.52 in chips)
Seat 2: 7de3d498 ($5.28 in chips)
Seat 3: 8d9b40ec ($4.79 in chips)
Seat 4: Hero ($5 in chips)
Seat 5: c492c028 ($4.59 in chips)
Seat 6: df4c9bd8 ($4.57 in chips)
Hero: posts small blind $0.02
c492c028: posts big blind $0.05
*** HOLE CARDS ***
Dealt to 5d7c29bf 
Dealt to 7de3d498 
Dealt to 8d9b40ec 
Dealt to Hero [2h 3h]
Dealt to c492c028 
Dealt to df4c9bd8 
df4c9bd8: folds
5d7c29bf: raises $0.15 to $0.2
7de3d498: folds
8d9b40ec: raises $0.36 to $0.56
Hero: folds
c492c028: folds
5d7c29bf: calls $0.36
*** FLOP *** [3c Td 2d]
5d7c29bf: bets $0.6
8d9b40ec: calls $0.6
*** TURN *** [3c Td 2d] [Th]
5d7c29bf: checks
8d9b40ec: bets $0.79
5d7c29bf: folds
Uncalled bet ($0.79) returned to 8d9b40ec
*** SHOWDOWN ***
8d9b40ec collected $2.23 from pot
*** SUMMARY ***
Total pot $2.39 | Rake $0.11 | Jackpot $0.05 | Bingo $0 | Fortune $0 | Tax $0
Board [3c Td 2d Th]
Seat 1: 5d7c29bf folded on the Turn
Seat 2: 7de3d498 folded before Flop (didn't bet)
Seat 3: 8d9b40ec (button) won ($2.23)
Seat 4: Hero (small blind) folded before Flop
Seat 5: c492c028 (big blind) folded before Flop
Seat 6: df4c9bd8 folded before Flop (didn't bet)


Poker Hand #HD1724621848: Hold'em No Limit ($0.02/$0.05) - 2024/04/10 20:26:09
Table 'NLHBlue18' 6-max Seat #2 is the button
Seat 1: 5d7c29bf ($6.52 in chips)
Seat 2: 7de3d498 ($5.28 in chips)
Seat 3: 8d9b40ec ($4.74 in chips)
Seat 4: Hero ($5 in chips)
Seat 5: c492c028 ($4.59 in chips)
Seat 6: df4c9bd8 ($4.57 in chips)
8d9b40ec: posts small blind $0.02
Hero: posts big blind $0.05
*** HOLE CARDS ***
Dealt to 5d7c29bf 
Dealt to 7de3d498 
Dealt to 8d9b40ec 
Dealt to Hero [2c 2s]
Dealt to c492c028 
Dealt to df4c9bd8 
c492c028: folds
df4c9bd8: folds
5d7c29bf: folds
7de3d498: folds
8d9b40ec: calls $0.03
Hero: checks
*** FLOP *** [Jh 6d Ts]
8d9b40ec: bets $0.05
Hero: folds
Uncalled bet ($0.05) returned to 8d9b40ec
*** SHOWDOWN ***
8d9b40ec collected $0.1 from pot
*** SUMMARY ***
Total pot $0.1 | Rake $0 | Jackpot $0 | Bingo $0 | Fortune $0 | Tax $0
Board [Jh 6d Ts]
Seat 1: 5d7c29bf folded before Flop (didn't bet)
Seat 2: 7de3d498 (button) folded before Flop (didn't bet)
Seat 3: 8d9b40ec (small blind) won ($0.1)
Seat 4: Hero (big blind) folded on the Flop
Seat 5: c492c028 folded before Flop (didn't bet)
Seat 6: df4c9bd8 folded before Flop (didn't bet)


