Poker Hand #HD1762902374: Hold'em No Limit ($0.05/$0.1) - 2024/05/07 20:44:38
Table 'NLHRed12' 6-max Seat #3 is the button
Seat 1: 64e2c007 ($13.7 in chips)
Seat 2: 86fb125c ($12.19 in chips)
Seat 3: e92579bc ($12.96 in chips)
Seat 4: 1207e2e3 ($5.48 in chips)
Seat 5: 313cb3ef ($12.49 in chips)
Seat 6: Hero ($10.76 in chips)
1207e2e3: posts small blind $0.05
313cb3ef: posts big blind $0.1
*** HOLE CARDS ***
Dealt to 64e2c007 
Dealt to 86fb125c 
Dealt to e92579bc 
Dealt to 1207e2e3 
Dealt to 313cb3ef 
Dealt to Hero [8h Jh]
Hero: folds
64e2c007: folds
86fb125c: folds
e92579bc: folds
1207e2e3: raises $0.1 to $0.2
313cb3ef: folds
Uncalled bet ($0.1) returned to 1207e2e3
*** SHOWDOWN ***
1207e2e3 collected $0.2 from pot
*** SUMMARY ***
Total pot $0.2 | Rake $0 | Jackpot $0 | Bingo $0 | Fortune $0 | Tax $0
Seat 1: 64e2c007 folded before Flop (didn't bet)
Seat 2: 86fb125c folded before Flop (didn't bet)
Seat 3: e92579bc (button) folded before Flop (didn't bet)
Seat 4: 1207e2e3 (small blind) collected ($0.2)
Seat 5: 313cb3ef (big blind) folded before Flop
Seat 6: Hero folded before Flop (didn't bet)


Poker Hand #HD1762902311: Hold'em No Limit ($0.05/$0.1) - 2024/05/07 20:44:09
Table 'NLHRed12' 6-max Seat #2 is the button
Seat 1: 64e2c007 ($13.7 in chips)
Seat 2: 86fb125c ($12.19 in chips)
Seat 3: e92579bc ($12.86 in chips)
Seat 4: 1207e2e3 ($5.58 in chips)
Seat 5: 313cb3ef ($12.49 in chips)
Seat 6: Hero ($10.76 in chips)
e92579bc: posts small blind $0.05
1207e2e3: posts big blind $0.1
*** HOLE CARDS ***
Dealt to 64e2c007 
Dealt to 86fb125c 
Dealt to e92579bc 
Dealt to 1207e2e3 
Dealt to 313cb3ef 
Dealt to Hero [Kh 9d]
313cb3ef: folds
Hero: folds
64e2c007: folds
86fb125c: folds
e92579bc: raises $0.15 to $0.25
1207e2e3: folds
Uncalled bet ($0.15) returned to e92579bc
*** SHOWDOWN ***
e92579bc collected $0.2 from pot
*** SUMMARY ***
Total pot $0.2 | Rake $0 | Jackpot $0 | Bingo $0 | Fortune $0 | Tax $0
Seat 1: 64e2c007 folded before Flop (didn't bet)
Seat 2: 86fb125c (button) folded before Flop (didn't bet)
Seat 3: e92579bc (small blind) collected ($0.2)
Seat 4: 1207e2e3 (big blind) folded before Flop
Seat 5: 313cb3ef folded before Flop (didn't bet)
Seat 6: Hero folded before Flop (didn't bet)


Poker Hand #HD1762902115: Hold'em No Limit ($0.05/$0.1) - 2024/05/07 20:42:56
Table 'NLHRed12' 6-max Seat #1 is the button
Seat 1: 64e2c007 ($13.8 in chips)
Seat 2: 86fb125c ($12.29 in chips)
Seat 3: e92579bc ($12.96 in chips)
Seat 4: 1207e2e3 ($5.21 in chips)
Seat 5: 313cb3ef ($12.59 in chips)
Seat 6: Hero ($10.76 in chips)
86fb125c: posts small blind $0.05
e92579bc: posts big blind $0.1
*** HOLE CARDS ***
Dealt to 64e2c007 
Dealt to 86fb125c 
Dealt to e92579bc 
Dealt to 1207e2e3 
Dealt to 313cb3ef 
Dealt to Hero [Kd 6h]
1207e2e3: calls $0.1
313cb3ef: calls $0.1
Hero: folds
64e2c007: calls $0.1
86fb125c: calls $0.05
e92579bc: checks
*** FLOP *** [7c 4c 6c]
86fb125c: checks
e92579bc: checks
1207e2e3: bets $0.25
313cb3ef: folds
64e2c007: folds
86fb125c: folds
e92579bc: folds
Uncalled bet ($0.25) returned to 1207e2e3
*** SHOWDOWN ***
1207e2e3 collected $0.47 from pot
*** SUMMARY ***
Total pot $0.5 | Rake $0.03 | Jackpot $0 | Bingo $0 | Fortune $0 | Tax $0
Board [7c 4c 6c]
Seat 1: 64e2c007 (button) folded on the Flop
Seat 2: 86fb125c (small blind) folded on the Flop
Seat 3: e92579bc (big blind) folded on the Flop
Seat 4: 1207e2e3 won ($0.47)
Seat 5: 313cb3ef folded on the Flop
Seat 6: Hero folded before Flop (didn't bet)


Poker Hand #HD1762902071: Hold'em No Limit ($0.05/$0.1) - 2024/05/07 20:42:39
Table 'NLHRed12' 6-max Seat #6 is the button
Seat 1: 64e2c007 ($13.85 in chips)
Seat 2: 86fb125c ($12.39 in chips)
Seat 3: e92579bc ($12.96 in chips)
Seat 4: 1207e2e3 ($5.21 in chips)
Seat 5: 313cb3ef ($12.59 in chips)
Seat 6: Hero ($10.61 in chips)
64e2c007: posts small blind $0.05
86fb125c: posts big blind $0.1
*** HOLE CARDS ***
Dealt to 64e2c007 
Dealt to 86fb125c 
Dealt to e92579bc 
Dealt to 1207e2e3 
Dealt to 313cb3ef 
Dealt to Hero [8h 9h]
e92579bc: folds
1207e2e3: folds
313cb3ef: folds
Hero: raises $0.14 to $0.24
64e2c007: folds
86fb125c: folds
Uncalled bet ($0.14) returned to Hero
*** SHOWDOWN ***
Hero collected $0.25 from pot
*** SUMMARY ***
Total pot $0.25 | Rake $0 | Jackpot $0 | Bingo $0 | Fortune $0 | Tax $0
Seat 1: 64e2c007 (small blind) folded before Flop
Seat 2: 86fb125c (big blind) folded before Flop
Seat 3: e92579bc folded before Flop (didn't bet)
Seat 4: 1207e2e3 folded before Flop (didn't bet)
Seat 5: 313cb3ef folded before Flop (didn't bet)
Seat 6: Hero (button) collected ($0.25)


Poker Hand #HD1762901929: Hold'em No Limit ($0.05/$0.1) - 2024/05/07 20:41:41
Table 'NLHRed12' 6-max Seat #5 is the button
Seat 1: 64e2c007 ($14.61 in chips)
Seat 2: 86fb125c ($11.56 in chips)
Seat 3: e92579bc ($12.96 in chips)
Seat 4: 1207e2e3 ($5.31 in chips)
Seat 5: 313cb3ef ($12.59 in chips)
Seat 6: Hero ($10.66 in chips)
Hero: posts small blind $0.05
64e2c007: posts big blind $0.1
1207e2e3: posts big blind $0.1
*** HOLE CARDS ***
Dealt to 64e2c007 
Dealt to 86fb125c 
Dealt to e92579bc 
Dealt to 1207e2e3 
Dealt to 313cb3ef 
Dealt to Hero [Qs Td]
86fb125c: raises $0.24 to $0.34
e92579bc: folds
1207e2e3: folds
313cb3ef: folds
Hero: folds
64e2c007: calls $0.24
*** FLOP *** [7d 9c 9s]
64e2c007: bets $0.42
86fb125c: calls $0.42
*** TURN *** [7d 9c 9s] [3s]
64e2c007: checks
86fb125c: checks
*** RIVER *** [7d 9c 9s 3s] [8h]
64e2c007: checks
86fb125c: checks
64e2c007: shows [Kc 2c] (Pair of Nines)
86fb125c: shows [Ah 7h] (Pair of Nines and Pair of Sevens)
*** SHOWDOWN ***
86fb125c collected $1.59 from pot
*** SUMMARY ***
Total pot $1.67 | Rake $0.08 | Jackpot $0 | Bingo $0 | Fortune $0 | Tax $0
Board [7d 9c 9s 3s 8h]
Seat 1: 64e2c007 (big blind) showed [Kc 2c] and lost with Pair of Nines
Seat 2: 86fb125c showed [Ah 7h] and won ($1.59) with Pair of Nines and Pair of Sevens
Seat 3: e92579bc folded before Flop (didn't bet)
Seat 4: 1207e2e3 folded before Flop
Seat 5: 313cb3ef (button) folded before Flop (didn't bet)
Seat 6: Hero (small blind) folded before Flop


Poker Hand #HD1762901719: Hold'em No Limit ($0.05/$0.1) - 2024/05/07 20:40:22
Table 'NLHRed12' 6-max Seat #3 is the button
Seat 1: 64e2c007 ($14.61 in chips)
Seat 2: 86fb125c ($12.93 in chips)
Seat 3: e92579bc ($12.96 in chips)
Seat 4: a1e18aad ($2.24 in chips)
Seat 5: 313cb3ef ($11.31 in chips)
Seat 6: Hero ($10.66 in chips)
a1e18aad: posts small blind $0.05
313cb3ef: posts big blind $0.1
*** HOLE CARDS ***
Dealt to 64e2c007 
Dealt to 86fb125c 
Dealt to e92579bc 
Dealt to a1e18aad 
Dealt to 313cb3ef 
Dealt to Hero [Qs 8s]
Hero: folds
64e2c007: folds
86fb125c: raises $0.15 to $0.25
e92579bc: folds
a1e18aad: folds
313cb3ef: calls $0.15
*** FLOP *** [6h Jd 5c]
313cb3ef: checks
86fb125c: bets $0.28
313cb3ef: calls $0.28
*** TURN *** [6h Jd 5c] [Qd]
313cb3ef: checks
86fb125c: bets $0.84
313cb3ef: raises $1.16 to $2
86fb125c: folds
Uncalled bet ($1.16) returned to 313cb3ef
*** SHOWDOWN ***
313cb3ef collected $2.65 from pot
*** SUMMARY ***
Total pot $2.79 | Rake $0.14 | Jackpot $0 | Bingo $0 | Fortune $0 | Tax $0
Board [6h Jd 5c Qd]
Seat 1: 64e2c007 folded before Flop (didn't bet)
Seat 2: 86fb125c folded on the Turn
Seat 3: e92579bc (button) folded before Flop (didn't bet)
Seat 4: a1e18aad (small blind) folded before Flop
Seat 5: 313cb3ef (big blind) won ($2.65)
Seat 6: Hero folded before Flop (didn't bet)


Poker Hand #HD1762901677: Hold'em No Limit ($0.05/$0.1) - 2024/05/07 20:40:08
Table 'NLHRed12' 6-max Seat #2 is the button
Seat 1: 64e2c007 ($14.61 in chips)
Seat 2: 86fb125c ($12.93 in chips)
Seat 3: e92579bc ($13.01 in chips)
Seat 4: a1e18aad ($2.19 in chips)
Seat 5: 313cb3ef ($11.31 in chips)
Seat 6: Hero ($10.66 in chips)
e92579bc: posts small blind $0.05
a1e18aad: posts big blind $0.1
*** HOLE CARDS ***
Dealt to 64e2c007 
Dealt to 86fb125c 
Dealt to e92579bc 
Dealt to a1e18aad 
Dealt to 313cb3ef 
Dealt to Hero [Kh 6c]
313cb3ef: folds
Hero: folds
64e2c007: folds
86fb125c: folds
e92579bc: folds
Uncalled bet ($0.05) returned to a1e18aad
*** SHOWDOWN ***
a1e18aad collected $0.1 from pot
*** SUMMARY ***
Total pot $0.1 | Rake $0 | Jackpot $0 | Bingo $0 | Fortune $0 | Tax $0
Seat 1: 64e2c007 folded before Flop (didn't bet)
Seat 2: 86fb125c (button) folded before Flop (didn't bet)
Seat 3: e92579bc (small blind) folded before Flop
Seat 4: a1e18aad (big blind) collected ($0.1)
Seat 5: 313cb3ef folded before Flop (didn't bet)
Seat 6: Hero folded before Flop (didn't bet)


Poker Hand #HD1762901424: Hold'em No Limit ($0.05/$0.1) - 2024/05/07 20:38:34
Table 'NLHRed12' 6-max Seat #1 is the button
Seat 1: 64e2c007 ($14.61 in chips)
Seat 2: 86fb125c ($13.03 in chips)
Seat 3: e92579bc ($13.11 in chips)
Seat 4: a1e18aad ($2 in chips)
Seat 5: 313cb3ef ($11.31 in chips)
Seat 6: Hero ($10.66 in chips)
86fb125c: posts small blind $0.05
e92579bc: posts big blind $0.1
a1e18aad: posts big blind $0.1
*** HOLE CARDS ***
Dealt to 64e2c007 
Dealt to 86fb125c 
Dealt to e92579bc 
Dealt to a1e18aad 
Dealt to 313cb3ef 
Dealt to Hero [Kd 4h]
a1e18aad: checks
313cb3ef: folds
Hero: folds
64e2c007: folds
86fb125c: calls $0.05
e92579bc: checks
*** FLOP *** [Js 5d Kh]
86fb125c: checks
e92579bc: checks
a1e18aad: checks
*** TURN *** [Js 5d Kh] [3h]
86fb125c: checks
e92579bc: checks
a1e18aad: bets $0.3
86fb125c: folds
e92579bc: folds
Uncalled bet ($0.3) returned to a1e18aad
*** SHOWDOWN ***
a1e18aad collected $0.29 from pot
*** SUMMARY ***
Total pot $0.3 | Rake $0.01 | Jackpot $0 | Bingo $0 | Fortune $0 | Tax $0
Board [Js 5d Kh 3h]
Seat 1: 64e2c007 (button) folded before Flop (didn't bet)
Seat 2: 86fb125c (small blind) folded on the Turn
Seat 3: e92579bc (big blind) folded on the Turn
Seat 4: a1e18aad won ($0.29)
Seat 5: 313cb3ef folded before Flop (didn't bet)
Seat 6: Hero folded before Flop (didn't bet)


Poker Hand #HD1762901268: Hold'em No Limit ($0.05/$0.1) - 2024/05/07 20:37:30
Table 'NLHRed12' 6-max Seat #6 is the button
Seat 1: 64e2c007 ($14.81 in chips)
Seat 2: 86fb125c ($12.85 in chips)
Seat 3: e92579bc ($13.11 in chips)
Seat 4: bf23a7b ($9.4 in chips)
Seat 5: 313cb3ef ($11.31 in chips)
Seat 6: Hero ($10.66 in chips)
64e2c007: posts small blind $0.05
86fb125c: posts big blind $0.1
*** HOLE CARDS ***
Dealt to 64e2c007 
Dealt to 86fb125c 
Dealt to e92579bc 
Dealt to bf23a7b 
Dealt to 313cb3ef 
Dealt to Hero [Kd 8s]
e92579bc: folds
bf23a7b: folds
313cb3ef: folds
Hero: folds
64e2c007: raises $0.1 to $0.2
86fb125c: calls $0.1
*** FLOP *** [5h 6s 9s]
64e2c007: checks
86fb125c: checks
*** TURN *** [5h 6s 9s] [9h]
64e2c007: checks
86fb125c: bets $0.3
64e2c007: folds
Uncalled bet ($0.3) returned to 86fb125c
*** SHOWDOWN ***
86fb125c collected $0.38 from pot
*** SUMMARY ***
Total pot $0.4 | Rake $0.02 | Jackpot $0 | Bingo $0 | Fortune $0 | Tax $0
Board [5h 6s 9s 9h]
Seat 1: 64e2c007 (small blind) folded on the Turn
Seat 2: 86fb125c (big blind) won ($0.38)
Seat 3: e92579bc folded before Flop (didn't bet)
Seat 4: bf23a7b folded before Flop (didn't bet)
Seat 5: 313cb3ef folded before Flop (didn't bet)
Seat 6: Hero (button) folded before Flop (didn't bet)


Poker Hand #HD1762901098: Hold'em No Limit ($0.05/$0.1) - 2024/05/07 20:36:22
Table 'NLHRed12' 6-max Seat #5 is the button
Seat 1: 64e2c007 ($14.91 in chips)
Seat 2: 86fb125c ($10.94 in chips)
Seat 3: e92579bc ($15.18 in chips)
Seat 4: bf23a7b ($9.4 in chips)
Seat 5: 313cb3ef ($11.31 in chips)
Seat 6: Hero ($10.71 in chips)
Hero: posts small blind $0.05
64e2c007: posts big blind $0.1
*** HOLE CARDS ***
Dealt to 64e2c007 
Dealt to 86fb125c 
Dealt to e92579bc 
Dealt to bf23a7b 
Dealt to 313cb3ef 
Dealt to Hero [Qc 4c]
86fb125c: raises $0.15 to $0.25
e92579bc: raises $0.49 to $0.74
bf23a7b: folds
313cb3ef: folds
Hero: folds
64e2c007: folds
86fb125c: raises $1.33 to $2.07
e92579bc: calls $1.33
*** FLOP *** [6c 3s 5h]
86fb125c: bets $1.42
e92579bc: folds
Uncalled bet ($1.42) returned to 86fb125c
*** SHOWDOWN ***
86fb125c collected $3.98 from pot
*** SUMMARY ***
Total pot $4.29 | Rake $0.21 | Jackpot $0.1 | Bingo $0 | Fortune $0 | Tax $0
Board [6c 3s 5h]
Seat 1: 64e2c007 (big blind) folded before Flop
Seat 2: 86fb125c won ($3.98)
Seat 3: e92579bc folded on the Flop
Seat 4: bf23a7b folded before Flop (didn't bet)
Seat 5: 313cb3ef (button) folded before Flop (didn't bet)
Seat 6: Hero (small blind) folded before Flop


Poker Hand #HD1762901067: Hold'em No Limit ($0.05/$0.1) - 2024/05/07 20:36:10
Table 'NLHRed12' 6-max Seat #4 is the button
Seat 1: 64e2c007 ($14.91 in chips)
Seat 2: 86fb125c ($10.94 in chips)
Seat 3: e92579bc ($15.18 in chips)
Seat 4: bf23a7b ($9.4 in chips)
Seat 5: 313cb3ef ($11.36 in chips)
Seat 6: Hero ($10.66 in chips)
313cb3ef: posts small blind $0.05
Hero: posts big blind $0.1
*** HOLE CARDS ***
Dealt to 64e2c007 
Dealt to 86fb125c 
Dealt to e92579bc 
Dealt to bf23a7b 
Dealt to 313cb3ef 
Dealt to Hero [Qh 7h]
64e2c007: folds
86fb125c: folds
e92579bc: folds
bf23a7b: folds
313cb3ef: folds
Uncalled bet ($0.05) returned to Hero
*** SHOWDOWN ***
Hero collected $0.1 from pot
*** SUMMARY ***
Total pot $0.1 | Rake $0 | Jackpot $0 | Bingo $0 | Fortune $0 | Tax $0
Seat 1: 64e2c007 folded before Flop (didn't bet)
Seat 2: 86fb125c folded before Flop (didn't bet)
Seat 3: e92579bc folded before Flop (didn't bet)
Seat 4: bf23a7b (button) folded before Flop (didn't bet)
Seat 5: 313cb3ef (small blind) folded before Flop
Seat 6: Hero (big blind) collected ($0.1)


Poker Hand #HD1762900165: Hold'em No Limit ($0.05/$0.1) - 2024/05/07 20:30:19
Table 'NLHRed12' 6-max Seat #4 is the button
Seat 1: 64e2c007 ($14.1 in chips)
Seat 3: e92579bc ($14.82 in chips)
Seat 4: ac91b756 ($9.95 in chips)
Seat 5: 313cb3ef ($10.05 in chips)
Seat 6: Hero ($10.76 in chips)
313cb3ef: posts small blind $0.05
Hero: posts big blind $0.1
*** HOLE CARDS ***
Dealt to 64e2c007 
Dealt to e92579bc 
Dealt to ac91b756 
Dealt to 313cb3ef 
Dealt to Hero [6d 2h]
64e2c007: folds
e92579bc: folds
ac91b756: folds
313cb3ef: raises $0.2 to $0.3
Hero: folds
Uncalled bet ($0.2) returned to 313cb3ef
*** SHOWDOWN ***
313cb3ef collected $0.2 from pot
*** SUMMARY ***
Total pot $0.2 | Rake $0 | Jackpot $0 | Bingo $0 | Fortune $0 | Tax $0
Seat 1: 64e2c007 folded before Flop (didn't bet)
Seat 3: e92579bc folded before Flop (didn't bet)
Seat 4: ac91b756 (button) folded before Flop (didn't bet)
Seat 5: 313cb3ef (small blind) collected ($0.2)
Seat 6: Hero (big blind) folded before Flop


Poker Hand #HD1762900136: Hold'em No Limit ($0.05/$0.1) - 2024/05/07 20:30:07
Table 'NLHRed12' 6-max Seat #3 is the button
Seat 1: 64e2c007 ($14.1 in chips)
Seat 3: e92579bc ($14.82 in chips)
Seat 4: ac91b756 ($10 in chips)
Seat 5: 313cb3ef ($10 in chips)
Seat 6: Hero ($10.76 in chips)
ac91b756: posts small blind $0.05
313cb3ef: posts big blind $0.1
*** HOLE CARDS ***
Dealt to 64e2c007 
Dealt to e92579bc 
Dealt to ac91b756 
Dealt to 313cb3ef 
Dealt to Hero [Qd 5h]
Hero: folds
64e2c007: folds
e92579bc: folds
ac91b756: folds
Uncalled bet ($0.05) returned to 313cb3ef
*** SHOWDOWN ***
313cb3ef collected $0.1 from pot
*** SUMMARY ***
Total pot $0.1 | Rake $0 | Jackpot $0 | Bingo $0 | Fortune $0 | Tax $0
Seat 1: 64e2c007 folded before Flop (didn't bet)
Seat 3: e92579bc (button) folded before Flop (didn't bet)
Seat 4: ac91b756 (small blind) folded before Flop
Seat 5: 313cb3ef (big blind) collected ($0.1)
Seat 6: Hero folded before Flop (didn't bet)


Poker Hand #HD1762900056: Hold'em No Limit ($0.05/$0.1) - 2024/05/07 20:29:37
Table 'NLHRed12' 6-max Seat #1 is the button
Seat 1: 64e2c007 ($14.1 in chips)
Seat 3: e92579bc ($14.72 in chips)
Seat 4: ac91b756 ($9.08 in chips)
Seat 5: 313cb3ef ($10 in chips)
Seat 6: Hero ($10.76 in chips)
e92579bc: posts small blind $0.05
ac91b756: posts big blind $0.1
*** HOLE CARDS ***
Dealt to 64e2c007 
Dealt to e92579bc 
Dealt to ac91b756 
Dealt to 313cb3ef 
Dealt to Hero [3d 4h]
313cb3ef: folds
Hero: folds
64e2c007: folds
e92579bc: raises $0.1 to $0.2
ac91b756: folds
Uncalled bet ($0.1) returned to e92579bc
*** SHOWDOWN ***
e92579bc collected $0.2 from pot
*** SUMMARY ***
Total pot $0.2 | Rake $0 | Jackpot $0 | Bingo $0 | Fortune $0 | Tax $0
Seat 1: 64e2c007 (button) folded before Flop (didn't bet)
Seat 3: e92579bc (small blind) collected ($0.2)
Seat 4: ac91b756 (big blind) folded before Flop
Seat 5: 313cb3ef folded before Flop (didn't bet)
Seat 6: Hero folded before Flop (didn't bet)


Poker Hand #HD1762899977: Hold'em No Limit ($0.05/$0.1) - 2024/05/07 20:29:10
Table 'NLHRed12' 6-max Seat #6 is the button
Seat 1: 64e2c007 ($14.15 in chips)
Seat 3: e92579bc ($14.82 in chips)
Seat 4: ac91b756 ($9.08 in chips)
Seat 5: 313cb3ef ($10 in chips)
Seat 6: Hero ($10.61 in chips)
64e2c007: posts small blind $0.05
e92579bc: posts big blind $0.1
*** HOLE CARDS ***
Dealt to 64e2c007 
Dealt to e92579bc 
Dealt to ac91b756 
Dealt to 313cb3ef 
Dealt to Hero [Ts Kd]
ac91b756: folds
313cb3ef: folds
Hero: raises $0.14 to $0.24
64e2c007: folds
e92579bc: folds
Uncalled bet ($0.14) returned to Hero
*** SHOWDOWN ***
Hero collected $0.25 from pot
*** SUMMARY ***
Total pot $0.25 | Rake $0 | Jackpot $0 | Bingo $0 | Fortune $0 | Tax $0
Seat 1: 64e2c007 (small blind) folded before Flop
Seat 3: e92579bc (big blind) folded before Flop
Seat 4: ac91b756 folded before Flop (didn't bet)
Seat 5: 313cb3ef folded before Flop (didn't bet)
Seat 6: Hero (button) collected ($0.25)


Poker Hand #HD1762899828: Hold'em No Limit ($0.05/$0.1) - 2024/05/07 20:28:11
Table 'NLHRed12' 6-max Seat #5 is the button
Seat 1: 64e2c007 ($13.39 in chips)
Seat 2: 86fb125c ($11.24 in chips)
Seat 3: e92579bc ($14.82 in chips)
Seat 4: ac91b756 ($9.08 in chips)
Seat 5: 313cb3ef ($10 in chips)
Seat 6: Hero ($10.66 in chips)
Hero: posts small blind $0.05
64e2c007: posts big blind $0.1
*** HOLE CARDS ***
Dealt to 64e2c007 
Dealt to 86fb125c 
Dealt to e92579bc 
Dealt to ac91b756 
Dealt to 313cb3ef 
Dealt to Hero [8c Ah]
86fb125c: folds
e92579bc: folds
ac91b756: folds
313cb3ef: raises $0.2 to $0.3
Hero: folds
64e2c007: calls $0.2
*** FLOP *** [Td Jc 8s]
64e2c007: bets $0.49
313cb3ef: calls $0.49
*** TURN *** [Td Jc 8s] [7h]
64e2c007: bets $1.23
313cb3ef: folds
Uncalled bet ($1.23) returned to 64e2c007
*** SHOWDOWN ***
64e2c007 collected $1.55 from pot
*** SUMMARY ***
Total pot $1.63 | Rake $0.08 | Jackpot $0 | Bingo $0 | Fortune $0 | Tax $0
Board [Td Jc 8s 7h]
Seat 1: 64e2c007 (big blind) won ($1.55)
Seat 2: 86fb125c folded before Flop (didn't bet)
Seat 3: e92579bc folded before Flop (didn't bet)
Seat 4: ac91b756 folded before Flop (didn't bet)
Seat 5: 313cb3ef (button) folded on the Turn
Seat 6: Hero (small blind) folded before Flop


Poker Hand #HD1762899556: Hold'em No Limit ($0.05/$0.1) - 2024/05/07 20:26:26
Table 'NLHRed12' 6-max Seat #4 is the button
Seat 1: 64e2c007 ($13.59 in chips)
Seat 2: 86fb125c ($11.24 in chips)
Seat 3: e92579bc ($13.79 in chips)
Seat 4: ac91b756 ($9.85 in chips)
Seat 5: 313cb3ef ($10.03 in chips)
Seat 6: Hero ($10.76 in chips)
313cb3ef: posts small blind $0.05
Hero: posts big blind $0.1
*** HOLE CARDS ***
Dealt to 64e2c007 
Dealt to 86fb125c 
Dealt to e92579bc 
Dealt to ac91b756 
Dealt to 313cb3ef 
Dealt to Hero [Jd 3h]
64e2c007: raises $0.1 to $0.2
86fb125c: folds
e92579bc: calls $0.2
ac91b756: calls $0.2
313cb3ef: folds
Hero: folds
*** FLOP *** [9c 4s 2d]
64e2c007: checks
e92579bc: checks
ac91b756: checks
*** TURN *** [9c 4s 2d] [3c]
64e2c007: checks
e92579bc: bets $0.57
ac91b756: calls $0.57
64e2c007: folds
*** RIVER *** [9c 4s 2d 3c] [Js]
e92579bc: bets $1.42
ac91b756: folds
Uncalled bet ($1.42) returned to e92579bc
*** SHOWDOWN ***
e92579bc collected $1.8 from pot
*** SUMMARY ***
Total pot $1.89 | Rake $0.09 | Jackpot $0 | Bingo $0 | Fortune $0 | Tax $0
Board [9c 4s 2d 3c Js]
Seat 1: 64e2c007 folded on the Turn
Seat 2: 86fb125c folded before Flop (didn't bet)
Seat 3: e92579bc won ($1.8)
Seat 4: ac91b756 (button) folded on the River
Seat 5: 313cb3ef (small blind) folded before Flop
Seat 6: Hero (big blind) folded before Flop


Poker Hand #HD1762899285: Hold'em No Limit ($0.05/$0.1) - 2024/05/07 20:24:43
Table 'NLHRed12' 6-max Seat #3 is the button
Seat 1: 64e2c007 ($13.62 in chips)
Seat 2: 86fb125c ($11.24 in chips)
Seat 3: e92579bc ($13.79 in chips)
Seat 4: ac91b756 ($9.9 in chips)
Seat 5: 313cb3ef ($10.05 in chips)
Seat 6: Hero ($10.76 in chips)
ac91b756: posts small blind $0.05
313cb3ef: posts big blind $0.1
*** HOLE CARDS ***
Dealt to 64e2c007 
Dealt to 86fb125c 
Dealt to e92579bc 
Dealt to ac91b756 
Dealt to 313cb3ef 
Dealt to Hero [Kd 4h]
Hero: folds
64e2c007: raises $0.1 to $0.2
86fb125c: folds
e92579bc: folds
ac91b756: folds
313cb3ef: calls $0.1
*** FLOP *** [5c 9s 6c]
313cb3ef: checks
64e2c007: bets $0.1
313cb3ef: raises $0.3 to $0.4
64e2c007: calls $0.3
*** TURN *** [5c 9s 6c] [7s]
313cb3ef: bets $0.4
64e2c007: calls $0.4
*** RIVER *** [5c 9s 6c 7s] [8c]
313cb3ef: checks
64e2c007: checks
313cb3ef: shows [9h 8h] (Nines-High Straight)
64e2c007: shows [9d As] (Nines-High Straight)
*** SHOWDOWN ***
313cb3ef collected $0.98 from pot
64e2c007 collected $0.97 from pot
*** SUMMARY ***
Total pot $2.05 | Rake $0.1 | Jackpot $0 | Bingo $0 | Fortune $0 | Tax $0
Board [5c 9s 6c 7s 8c]
Seat 1: 64e2c007 showed [9d As] and won ($0.97) with Nines-High Straight
Seat 2: 86fb125c folded before Flop (didn't bet)
Seat 3: e92579bc (button) folded before Flop (didn't bet)
Seat 4: ac91b756 (small blind) folded before Flop
Seat 5: 313cb3ef (big blind) showed [9h 8h] and won ($0.98) with Nines-High Straight
Seat 6: Hero folded before Flop (didn't bet)


Poker Hand #HD1762898987: Hold'em No Limit ($0.05/$0.1) - 2024/05/07 20:22:46
Table 'NLHRed12' 6-max Seat #2 is the button
Seat 1: 64e2c007 ($14.55 in chips)
Seat 2: 86fb125c ($10.16 in chips)
Seat 3: e92579bc ($13.84 in chips)
Seat 4: ac91b756 ($10 in chips)
Seat 5: 313cb3ef ($10.15 in chips)
Seat 6: Hero ($10.76 in chips)
e92579bc: posts small blind $0.05
ac91b756: posts big blind $0.1
*** HOLE CARDS ***
Dealt to 64e2c007 
Dealt to 86fb125c 
Dealt to e92579bc 
Dealt to ac91b756 
Dealt to 313cb3ef 
Dealt to Hero [7h Qd]
313cb3ef: calls $0.1
Hero: folds
64e2c007: calls $0.1
86fb125c: raises $0.3 to $0.4
e92579bc: folds
ac91b756: folds
313cb3ef: folds
64e2c007: calls $0.3
*** FLOP *** [6h 5d 2d]
64e2c007: bets $0.53
86fb125c: calls $0.53
*** TURN *** [6h 5d 2d] [9s]
64e2c007: checks
86fb125c: bets $1.4
64e2c007: folds
Uncalled bet ($1.4) returned to 86fb125c
*** SHOWDOWN ***
86fb125c collected $2.01 from pot
*** SUMMARY ***
Total pot $2.11 | Rake $0.1 | Jackpot $0 | Bingo $0 | Fortune $0 | Tax $0
Board [6h 5d 2d 9s]
Seat 1: 64e2c007 folded on the Turn
Seat 2: 86fb125c (button) won ($2.01)
Seat 3: e92579bc (small blind) folded before Flop
Seat 4: ac91b756 (big blind) folded before Flop
Seat 5: 313cb3ef folded before Flop
Seat 6: Hero folded before Flop (didn't bet)


Poker Hand #HD1762898907: Hold'em No Limit ($0.05/$0.1) - 2024/05/07 20:22:10
Table 'NLHRed12' 6-max Seat #1 is the button
Seat 1: 64e2c007 ($14.55 in chips)
Seat 2: 86fb125c ($10.21 in chips)
Seat 3: e92579bc ($13.94 in chips)
Seat 4: ac91b756 ($10 in chips)
Seat 5: 313cb3ef ($10 in chips)
Seat 6: Hero ($10.76 in chips)
86fb125c: posts small blind $0.05
e92579bc: posts big blind $0.1
*** HOLE CARDS ***
Dealt to 64e2c007 
Dealt to 86fb125c 
Dealt to e92579bc 
Dealt to ac91b756 
Dealt to 313cb3ef 
Dealt to Hero [3c Qd]
ac91b756: folds
313cb3ef: raises $0.2 to $0.3
Hero: folds
64e2c007: folds
86fb125c: folds
e92579bc: folds
Uncalled bet ($0.2) returned to 313cb3ef
*** SHOWDOWN ***
313cb3ef collected $0.25 from pot
*** SUMMARY ***
Total pot $0.25 | Rake $0 | Jackpot $0 | Bingo $0 | Fortune $0 | Tax $0
Seat 1: 64e2c007 (button) folded before Flop (didn't bet)
Seat 2: 86fb125c (small blind) folded before Flop
Seat 3: e92579bc (big blind) folded before Flop
Seat 4: ac91b756 folded before Flop (didn't bet)
Seat 5: 313cb3ef collected ($0.25)
Seat 6: Hero folded before Flop (didn't bet)


Poker Hand #HD1762898848: Hold'em No Limit ($0.05/$0.1) - 2024/05/07 20:21:43
Table 'NLHRed12' 6-max Seat #6 is the button
Seat 1: 64e2c007 ($14.65 in chips)
Seat 2: 86fb125c ($10.11 in chips)
Seat 3: e92579bc ($13.94 in chips)
Seat 4: ac91b756 ($10 in chips)
Seat 5: 313cb3ef ($10 in chips)
Seat 6: Hero ($10.76 in chips)
64e2c007: posts small blind $0.05
86fb125c: posts big blind $0.1
*** HOLE CARDS ***
Dealt to 64e2c007 
Dealt to 86fb125c 
Dealt to e92579bc 
Dealt to ac91b756 
Dealt to 313cb3ef 
Dealt to Hero [Jd 8h]
e92579bc: folds
ac91b756: folds
313cb3ef: folds
Hero: folds
64e2c007: calls $0.05
86fb125c: raises $0.3 to $0.4
64e2c007: folds
Uncalled bet ($0.3) returned to 86fb125c
*** SHOWDOWN ***
86fb125c collected $0.2 from pot
*** SUMMARY ***
Total pot $0.2 | Rake $0 | Jackpot $0 | Bingo $0 | Fortune $0 | Tax $0
Seat 1: 64e2c007 (small blind) folded before Flop
Seat 2: 86fb125c (big blind) collected ($0.2)
Seat 3: e92579bc folded before Flop (didn't bet)
Seat 4: ac91b756 folded before Flop (didn't bet)
Seat 5: 313cb3ef folded before Flop (didn't bet)
Seat 6: Hero (button) folded before Flop (didn't bet)


Poker Hand #HD1762898712: Hold'em No Limit ($0.05/$0.1) - 2024/05/07 20:20:50
Table 'NLHRed12' 6-max Seat #5 is the button
Seat 1: 64e2c007 ($14.18 in chips)
Seat 2: 86fb125c ($10.11 in chips)
Seat 3: e92579bc ($13.94 in chips)
Seat 4: ac91b756 ($9.43 in chips)
Seat 5: 313cb3ef ($10 in chips)
Seat 6: Hero ($10.81 in chips)
Hero: posts small blind $0.05
64e2c007: posts big blind $0.1
*** HOLE CARDS ***
Dealt to 64e2c007 
Dealt to 86fb125c 
Dealt to e92579bc 
Dealt to ac91b756 
Dealt to 313cb3ef 
Dealt to Hero [Tc 7s]
86fb125c: folds
e92579bc: folds
ac91b756: raises $0.12 to $0.22
313cb3ef: folds
Hero: folds
64e2c007: calls $0.12
*** FLOP *** [7c 4d 9h]
64e2c007: bets $0.25
ac91b756: calls $0.25
*** TURN *** [7c 4d 9h] [Kc]
64e2c007: bets $0.75
ac91b756: folds
Uncalled bet ($0.75) returned to 64e2c007
*** SHOWDOWN ***
64e2c007 collected $0.94 from pot
*** SUMMARY ***
Total pot $0.99 | Rake $0.05 | Jackpot $0 | Bingo $0 | Fortune $0 | Tax $0
Board [7c 4d 9h Kc]
Seat 1: 64e2c007 (big blind) won ($0.94)
Seat 2: 86fb125c folded before Flop (didn't bet)
Seat 3: e92579bc folded before Flop (didn't bet)
Seat 4: ac91b756 folded on the Turn
Seat 5: 313cb3ef (button) folded before Flop (didn't bet)
Seat 6: Hero (small blind) folded before Flop


Poker Hand #HD1762898649: Hold'em No Limit ($0.05/$0.1) - 2024/05/07 20:20:25
Table 'NLHRed12' 6-max Seat #4 is the button
Seat 1: 64e2c007 ($14.18 in chips)
Seat 2: 86fb125c ($10.11 in chips)
Seat 3: e92579bc ($13.79 in chips)
Seat 4: ac91b756 ($9.43 in chips)
Seat 5: 313cb3ef ($10.05 in chips)
Seat 6: Hero ($10.91 in chips)
313cb3ef: posts small blind $0.05
Hero: posts big blind $0.1
*** HOLE CARDS ***
Dealt to 64e2c007 
Dealt to 86fb125c 
Dealt to e92579bc 
Dealt to ac91b756 
Dealt to 313cb3ef 
Dealt to Hero [5d Td]
64e2c007: folds
86fb125c: folds
e92579bc: raises $0.15 to $0.25
ac91b756: folds
313cb3ef: folds
Hero: folds
Uncalled bet ($0.15) returned to e92579bc
*** SHOWDOWN ***
e92579bc collected $0.25 from pot
*** SUMMARY ***
Total pot $0.25 | Rake $0 | Jackpot $0 | Bingo $0 | Fortune $0 | Tax $0
Seat 1: 64e2c007 folded before Flop (didn't bet)
Seat 2: 86fb125c folded before Flop (didn't bet)
Seat 3: e92579bc collected ($0.25)
Seat 4: ac91b756 (button) folded before Flop (didn't bet)
Seat 5: 313cb3ef (small blind) folded before Flop
Seat 6: Hero (big blind) folded before Flop


Poker Hand #HD1762898609: Hold'em No Limit ($0.05/$0.1) - 2024/05/07 20:20:09
Table 'NLHRed12' 6-max Seat #3 is the button
Seat 1: 64e2c007 ($14.18 in chips)
Seat 2: 86fb125c ($10.11 in chips)
Seat 3: e92579bc ($13.79 in chips)
Seat 4: ac91b756 ($9.48 in chips)
Seat 5: 313cb3ef ($10 in chips)
Seat 6: Hero ($10.91 in chips)
ac91b756: posts small blind $0.05
313cb3ef: posts big blind $0.1
*** HOLE CARDS ***
Dealt to 64e2c007 
Dealt to 86fb125c 
Dealt to e92579bc 
Dealt to ac91b756 
Dealt to 313cb3ef 
Dealt to Hero [6d 4h]
Hero: folds
64e2c007: folds
86fb125c: folds
e92579bc: folds
ac91b756: folds
Uncalled bet ($0.05) returned to 313cb3ef
*** SHOWDOWN ***
313cb3ef collected $0.1 from pot
*** SUMMARY ***
Total pot $0.1 | Rake $0 | Jackpot $0 | Bingo $0 | Fortune $0 | Tax $0
Seat 1: 64e2c007 folded before Flop (didn't bet)
Seat 2: 86fb125c folded before Flop (didn't bet)
Seat 3: e92579bc (button) folded before Flop (didn't bet)
Seat 4: ac91b756 (small blind) folded before Flop
Seat 5: 313cb3ef (big blind) collected ($0.1)
Seat 6: Hero folded before Flop (didn't bet)


Poker Hand #HD1762898363: Hold'em No Limit ($0.05/$0.1) - 2024/05/07 20:18:34
Table 'NLHRed12' 6-max Seat #2 is the button
Seat 1: 64e2c007 ($14.23 in chips)
Seat 2: 86fb125c ($10.15 in chips)
Seat 3: e92579bc ($13.82 in chips)
Seat 4: ac91b756 ($10 in chips)
Seat 6: Hero ($10.91 in chips)
e92579bc: posts small blind $0.05
ac91b756: posts big blind $0.1
64e2c007: posts missed blind $0.05
*** HOLE CARDS ***
Dealt to 64e2c007 
Dealt to 86fb125c 
Dealt to e92579bc 
Dealt to ac91b756 
Dealt to Hero [Jd 5d]
Hero: folds
64e2c007: folds
86fb125c: raises $0.15 to $0.25
e92579bc: calls $0.2
ac91b756: calls $0.15
*** FLOP *** [7s 6c 4d]
e92579bc: bets $0.27
ac91b756: calls $0.27
86fb125c: calls $0.27
*** TURN *** [7s 6c 4d] [3h]
e92579bc: bets $0.81
ac91b756: folds
86fb125c: calls $0.81
*** RIVER *** [7s 6c 4d 3h] [Kh]
e92579bc: bets $1.7
86fb125c: raises $2.19 to $3.89
e92579bc: calls $2.19
86fb125c: shows [5c 5h] (Sevens-High Straight)
e92579bc: shows [Js 5s] (Sevens-High Straight)
*** SHOWDOWN ***
e92579bc collected $5.19 from pot
86fb125c collected $5.18 from pot
*** SUMMARY ***
Total pot $11.01 | Rake $0.54 | Jackpot $0.1 | Bingo $0 | Fortune $0 | Tax $0
Board [7s 6c 4d 3h Kh]
Seat 1: 64e2c007 folded before Flop
Seat 2: 86fb125c (button) showed [5c 5h] and won ($5.18) with Sevens-High Straight
Seat 3: e92579bc (small blind) showed [Js 5s] and won ($5.19) with Sevens-High Straight
Seat 4: ac91b756 (big blind) folded on the Turn
Seat 6: Hero folded before Flop (didn't bet)


Poker Hand #HD1762898330: Hold'em No Limit ($0.05/$0.1) - 2024/05/07 20:18:20
Table 'NLHRed12' 6-max Seat #6 is the button
Seat 2: 86fb125c ($10.2 in chips)
Seat 3: e92579bc ($13.77 in chips)
Seat 6: Hero ($10.91 in chips)
86fb125c: posts small blind $0.05
e92579bc: posts big blind $0.1
*** HOLE CARDS ***
Dealt to 86fb125c 
Dealt to e92579bc 
Dealt to Hero [2d Ad]
Hero: folds
86fb125c: folds
Uncalled bet ($0.05) returned to e92579bc
*** SHOWDOWN ***
e92579bc collected $0.1 from pot
*** SUMMARY ***
Total pot $0.1 | Rake $0 | Jackpot $0 | Bingo $0 | Fortune $0 | Tax $0
Seat 2: 86fb125c (small blind) folded before Flop
Seat 3: e92579bc (big blind) collected ($0.1)
Seat 6: Hero (button) folded before Flop (didn't bet)


Poker Hand #HD1762898261: Hold'em No Limit ($0.05/$0.1) - 2024/05/07 20:17:53
Table 'NLHRed12' 6-max Seat #3 is the button
Seat 1: 64e2c007 ($14.33 in chips)
Seat 2: 86fb125c ($10.2 in chips)
Seat 3: e92579bc ($13.62 in chips)
Seat 6: Hero ($10.96 in chips)
Hero: posts small blind $0.05
64e2c007: posts big blind $0.1
*** HOLE CARDS ***
Dealt to 64e2c007 
Dealt to 86fb125c 
Dealt to e92579bc 
Dealt to Hero [2d 4d]
86fb125c: folds
e92579bc: raises $0.15 to $0.25
Hero: folds
64e2c007: folds
Uncalled bet ($0.15) returned to e92579bc
*** SHOWDOWN ***
e92579bc collected $0.25 from pot
*** SUMMARY ***
Total pot $0.25 | Rake $0 | Jackpot $0 | Bingo $0 | Fortune $0 | Tax $0
Seat 1: 64e2c007 (big blind) folded before Flop
Seat 2: 86fb125c folded before Flop (didn't bet)
Seat 3: e92579bc (button) collected ($0.25)
Seat 6: Hero (small blind) folded before Flop


Poker Hand #HD1762898213: Hold'em No Limit ($0.05/$0.1) - 2024/05/07 20:17:35
Table 'NLHRed12' 6-max Seat #2 is the button
Seat 1: 64e2c007 ($14.33 in chips)
Seat 2: 86fb125c ($10.2 in chips)
Seat 3: e92579bc ($13.67 in chips)
Seat 6: Hero ($10.91 in chips)
e92579bc: posts small blind $0.05
Hero: posts big blind $0.1
*** HOLE CARDS ***
Dealt to 64e2c007 
Dealt to 86fb125c 
Dealt to e92579bc 
Dealt to Hero [9s As]
64e2c007: folds
86fb125c: folds
e92579bc: folds
Uncalled bet ($0.05) returned to Hero
*** SHOWDOWN ***
Hero collected $0.1 from pot
*** SUMMARY ***
Total pot $0.1 | Rake $0 | Jackpot $0 | Bingo $0 | Fortune $0 | Tax $0
Seat 1: 64e2c007 folded before Flop (didn't bet)
Seat 2: 86fb125c (button) folded before Flop (didn't bet)
Seat 3: e92579bc (small blind) folded before Flop
Seat 6: Hero (big blind) collected ($0.1)


Poker Hand #HD1762898121: Hold'em No Limit ($0.05/$0.1) - 2024/05/07 20:17:01
Table 'NLHRed12' 6-max Seat #1 is the button
Seat 1: 64e2c007 ($14.18 in chips)
Seat 2: 86fb125c ($10.25 in chips)
Seat 3: e92579bc ($13.77 in chips)
Seat 5: 313cb3ef ($10 in chips)
Seat 6: Hero ($10.91 in chips)
86fb125c: posts small blind $0.05
e92579bc: posts big blind $0.1
*** HOLE CARDS ***
Dealt to 64e2c007 
Dealt to 86fb125c 
Dealt to e92579bc 
Dealt to 313cb3ef 
Dealt to Hero [3c Kc]
313cb3ef: folds
Hero: folds
64e2c007: raises $0.1 to $0.2
86fb125c: folds
e92579bc: folds
Uncalled bet ($0.1) returned to 64e2c007
*** SHOWDOWN ***
64e2c007 collected $0.25 from pot
*** SUMMARY ***
Total pot $0.25 | Rake $0 | Jackpot $0 | Bingo $0 | Fortune $0 | Tax $0
Seat 1: 64e2c007 (button) collected ($0.25)
Seat 2: 86fb125c (small blind) folded before Flop
Seat 3: e92579bc (big blind) folded before Flop
Seat 5: 313cb3ef folded before Flop (didn't bet)
Seat 6: Hero folded before Flop (didn't bet)


Poker Hand #HD1762898059: Hold'em No Limit ($0.05/$0.1) - 2024/05/07 20:16:34
Table 'NLHRed12' 6-max Seat #6 is the button
Seat 1: 64e2c007 ($14.28 in chips)
Seat 2: 86fb125c ($10.15 in chips)
Seat 3: e92579bc ($13.77 in chips)
Seat 5: 313cb3ef ($10 in chips)
Seat 6: Hero ($10.91 in chips)
64e2c007: posts small blind $0.05
86fb125c: posts big blind $0.1
*** HOLE CARDS ***
Dealt to 64e2c007 
Dealt to 86fb125c 
Dealt to e92579bc 
Dealt to 313cb3ef 
Dealt to Hero [5c 7s]
e92579bc: folds
313cb3ef: folds
Hero: folds
64e2c007: calls $0.05
86fb125c: raises $0.25 to $0.35
64e2c007: folds
Uncalled bet ($0.25) returned to 86fb125c
*** SHOWDOWN ***
86fb125c collected $0.2 from pot
*** SUMMARY ***
Total pot $0.2 | Rake $0 | Jackpot $0 | Bingo $0 | Fortune $0 | Tax $0
Seat 1: 64e2c007 (small blind) folded before Flop
Seat 2: 86fb125c (big blind) collected ($0.2)
Seat 3: e92579bc folded before Flop (didn't bet)
Seat 5: 313cb3ef folded before Flop (didn't bet)
Seat 6: Hero (button) folded before Flop (didn't bet)


Poker Hand #HD1762898019: Hold'em No Limit ($0.05/$0.1) - 2024/05/07 20:16:16
Table 'NLHRed12' 6-max Seat #5 is the button
Seat 1: 64e2c007 ($14.23 in chips)
Seat 2: 86fb125c ($10.15 in chips)
Seat 3: e92579bc ($13.77 in chips)
Seat 5: 313cb3ef ($10 in chips)
Seat 6: Hero ($10.96 in chips)
Hero: posts small blind $0.05
64e2c007: posts big blind $0.1
*** HOLE CARDS ***
Dealt to 64e2c007 
Dealt to 86fb125c 
Dealt to e92579bc 
Dealt to 313cb3ef 
Dealt to Hero [9d Ah]
86fb125c: folds
e92579bc: folds
313cb3ef: folds
Hero: folds
Uncalled bet ($0.05) returned to 64e2c007
*** SHOWDOWN ***
64e2c007 collected $0.1 from pot
*** SUMMARY ***
Total pot $0.1 | Rake $0 | Jackpot $0 | Bingo $0 | Fortune $0 | Tax $0
Seat 1: 64e2c007 (big blind) collected ($0.1)
Seat 2: 86fb125c folded before Flop (didn't bet)
Seat 3: e92579bc folded before Flop (didn't bet)
Seat 5: 313cb3ef (button) folded before Flop (didn't bet)
Seat 6: Hero (small blind) folded before Flop


Poker Hand #HD1762897984: Hold'em No Limit ($0.05/$0.1) - 2024/05/07 20:16:01
Table 'NLHRed12' 6-max Seat #3 is the button
Seat 1: 64e2c007 ($14.23 in chips)
Seat 2: 86fb125c ($10 in chips)
Seat 3: e92579bc ($13.77 in chips)
Seat 5: 313cb3ef ($10 in chips)
Seat 6: Hero ($11.06 in chips)
313cb3ef: posts small blind $0.05
Hero: posts big blind $0.1
*** HOLE CARDS ***
Dealt to 64e2c007 
Dealt to 86fb125c 
Dealt to e92579bc 
Dealt to 313cb3ef 
Dealt to Hero [3d Kc]
64e2c007: folds
86fb125c: raises $0.15 to $0.25
e92579bc: folds
313cb3ef: folds
Hero: folds
Uncalled bet ($0.15) returned to 86fb125c
*** SHOWDOWN ***
86fb125c collected $0.25 from pot
*** SUMMARY ***
Total pot $0.25 | Rake $0 | Jackpot $0 | Bingo $0 | Fortune $0 | Tax $0
Seat 1: 64e2c007 folded before Flop (didn't bet)
Seat 2: 86fb125c collected ($0.25)
Seat 3: e92579bc (button) folded before Flop (didn't bet)
Seat 5: 313cb3ef (small blind) folded before Flop
Seat 6: Hero (big blind) folded before Flop


Poker Hand #HD1762897945: Hold'em No Limit ($0.05/$0.1) - 2024/05/07 20:15:45
Table 'NLHRed12' 6-max Seat #2 is the button
Seat 1: 64e2c007 ($14.23 in chips)
Seat 2: 86fb125c ($10 in chips)
Seat 3: e92579bc ($13.67 in chips)
Seat 5: 313cb3ef ($6.76 in chips)
Seat 6: Hero ($11.06 in chips)
e92579bc: posts small blind $0.05
313cb3ef: posts big blind $0.1
*** HOLE CARDS ***
Dealt to 64e2c007 
Dealt to 86fb125c 
Dealt to e92579bc 
Dealt to 313cb3ef 
Dealt to Hero [8s 3d]
Hero: folds
64e2c007: folds
86fb125c: folds
e92579bc: raises $0.15 to $0.25
313cb3ef: folds
Uncalled bet ($0.15) returned to e92579bc
*** SHOWDOWN ***
e92579bc collected $0.2 from pot
*** SUMMARY ***
Total pot $0.2 | Rake $0 | Jackpot $0 | Bingo $0 | Fortune $0 | Tax $0
Seat 1: 64e2c007 folded before Flop (didn't bet)
Seat 2: 86fb125c (button) folded before Flop (didn't bet)
Seat 3: e92579bc (small blind) collected ($0.2)
Seat 5: 313cb3ef (big blind) folded before Flop
Seat 6: Hero folded before Flop (didn't bet)


Poker Hand #HD1762897922: Hold'em No Limit ($0.05/$0.1) - 2024/05/07 20:15:36
Table 'NLHRed12' 6-max Seat #1 is the button
Seat 1: 64e2c007 ($14.23 in chips)
Seat 2: 86fb125c ($10 in chips)
Seat 3: e92579bc ($13.62 in chips)
Seat 5: 313cb3ef ($6.76 in chips)
Seat 6: Hero ($11.06 in chips)
86fb125c: posts small blind $0.05
e92579bc: posts big blind $0.1
*** HOLE CARDS ***
Dealt to 64e2c007 
Dealt to 86fb125c 
Dealt to e92579bc 
Dealt to 313cb3ef 
Dealt to Hero [7h 3c]
313cb3ef: folds
Hero: folds
64e2c007: folds
86fb125c: folds
Uncalled bet ($0.05) returned to e92579bc
*** SHOWDOWN ***
e92579bc collected $0.1 from pot
*** SUMMARY ***
Total pot $0.1 | Rake $0 | Jackpot $0 | Bingo $0 | Fortune $0 | Tax $0
Seat 1: 64e2c007 (button) folded before Flop (didn't bet)
Seat 2: 86fb125c (small blind) folded before Flop
Seat 3: e92579bc (big blind) collected ($0.1)
Seat 5: 313cb3ef folded before Flop (didn't bet)
Seat 6: Hero folded before Flop (didn't bet)


Poker Hand #HD1762897890: Hold'em No Limit ($0.05/$0.1) - 2024/05/07 20:15:18
Table 'NLHRed12' 6-max Seat #6 is the button
Seat 1: 64e2c007 ($14.28 in chips)
Seat 2: 86fb125c ($10 in chips)
Seat 3: e92579bc ($13.47 in chips)
Seat 5: 313cb3ef ($6.76 in chips)
Seat 6: Hero ($11.06 in chips)
64e2c007: posts small blind $0.05
86fb125c: posts big blind $0.1
*** HOLE CARDS ***
Dealt to 64e2c007 
Dealt to 86fb125c 
Dealt to e92579bc 
Dealt to 313cb3ef 
Dealt to Hero [2d Qc]
e92579bc: raises $0.15 to $0.25
313cb3ef: folds
Hero: folds
64e2c007: folds
86fb125c: folds
Uncalled bet ($0.15) returned to e92579bc
*** SHOWDOWN ***
e92579bc collected $0.25 from pot
*** SUMMARY ***
Total pot $0.25 | Rake $0 | Jackpot $0 | Bingo $0 | Fortune $0 | Tax $0
Seat 1: 64e2c007 (small blind) folded before Flop
Seat 2: 86fb125c (big blind) folded before Flop
Seat 3: e92579bc collected ($0.25)
Seat 5: 313cb3ef folded before Flop (didn't bet)
Seat 6: Hero (button) folded before Flop (didn't bet)


Poker Hand #HD1762897841: Hold'em No Limit ($0.05/$0.1) - 2024/05/07 20:15:02
Table 'NLHRed12' 6-max Seat #5 is the button
Seat 1: 64e2c007 ($14.23 in chips)
Seat 2: 86fb125c ($10 in chips)
Seat 3: e92579bc ($13.47 in chips)
Seat 5: 313cb3ef ($6.76 in chips)
Seat 6: Hero ($11.11 in chips)
Hero: posts small blind $0.05
64e2c007: posts big blind $0.1
*** HOLE CARDS ***
Dealt to 64e2c007 
Dealt to 86fb125c 
Dealt to e92579bc 
Dealt to 313cb3ef 
Dealt to Hero [Qs 7c]
86fb125c: folds
e92579bc: folds
313cb3ef: folds
Hero: folds
Uncalled bet ($0.05) returned to 64e2c007
*** SHOWDOWN ***
64e2c007 collected $0.1 from pot
*** SUMMARY ***
Total pot $0.1 | Rake $0 | Jackpot $0 | Bingo $0 | Fortune $0 | Tax $0
Seat 1: 64e2c007 (big blind) collected ($0.1)
Seat 2: 86fb125c folded before Flop (didn't bet)
Seat 3: e92579bc folded before Flop (didn't bet)
Seat 5: 313cb3ef (button) folded before Flop (didn't bet)
Seat 6: Hero (small blind) folded before Flop


Poker Hand #HD1762897695: Hold'em No Limit ($0.05/$0.1) - 2024/05/07 20:13:59
Table 'NLHRed12' 6-max Seat #3 is the button
Seat 1: 64e2c007 ($14.23 in chips)
Seat 2: 86fb125c ($10 in chips)
Seat 3: e92579bc ($13.47 in chips)
Seat 5: 313cb3ef ($6.58 in chips)
Seat 6: Hero ($11.31 in chips)
313cb3ef: posts small blind $0.05
Hero: posts big blind $0.1
*** HOLE CARDS ***
Dealt to 64e2c007 
Dealt to 86fb125c 
Dealt to e92579bc 
Dealt to 313cb3ef 
Dealt to Hero [7h Td]
64e2c007: folds
86fb125c: folds
e92579bc: folds
313cb3ef: calls $0.05
Hero: checks
*** FLOP *** [Th 5d 8d]
313cb3ef: checks
Hero: bets $0.1
313cb3ef: calls $0.1
*** TURN *** [Th 5d 8d] [Ah]
313cb3ef: checks
Hero: checks
*** RIVER *** [Th 5d 8d Ah] [4s]
313cb3ef: bets $0.3
Hero: folds
Uncalled bet ($0.3) returned to 313cb3ef
*** SHOWDOWN ***
313cb3ef collected $0.38 from pot
*** SUMMARY ***
Total pot $0.4 | Rake $0.02 | Jackpot $0 | Bingo $0 | Fortune $0 | Tax $0
Board [Th 5d 8d Ah 4s]
Seat 1: 64e2c007 folded before Flop (didn't bet)
Seat 2: 86fb125c folded before Flop (didn't bet)
Seat 3: e92579bc (button) folded before Flop (didn't bet)
Seat 5: 313cb3ef (small blind) won ($0.38)
Seat 6: Hero (big blind) folded on the River


Poker Hand #HD1762897555: Hold'em No Limit ($0.05/$0.1) - 2024/05/07 20:12:59
Table 'NLHRed12' 6-max Seat #2 is the button
Seat 1: 64e2c007 ($14.23 in chips)
Seat 2: 86fb125c ($10.4 in chips)
Seat 3: e92579bc ($12.74 in chips)
Seat 5: 313cb3ef ($6.68 in chips)
Seat 6: Hero ($11.31 in chips)
e92579bc: posts small blind $0.05
313cb3ef: posts big blind $0.1
*** HOLE CARDS ***
Dealt to 64e2c007 
Dealt to 86fb125c 
Dealt to e92579bc 
Dealt to 313cb3ef 
Dealt to Hero [6s 7h]
Hero: folds
64e2c007: folds
86fb125c: raises $0.15 to $0.25
e92579bc: raises $0.45 to $0.7
313cb3ef: folds
86fb125c: calls $0.45
*** FLOP *** [9s Qd 8h]
e92579bc: bets $0.6
86fb125c: folds
Uncalled bet ($0.6) returned to e92579bc
*** SHOWDOWN ***
e92579bc collected $1.43 from pot
*** SUMMARY ***
Total pot $1.5 | Rake $0.07 | Jackpot $0 | Bingo $0 | Fortune $0 | Tax $0
Board [9s Qd 8h]
Seat 1: 64e2c007 folded before Flop (didn't bet)
Seat 2: 86fb125c (button) folded on the Flop
Seat 3: e92579bc (small blind) won ($1.43)
Seat 5: 313cb3ef (big blind) folded before Flop
Seat 6: Hero folded before Flop (didn't bet)


Poker Hand #HD1762897482: Hold'em No Limit ($0.05/$0.1) - 2024/05/07 20:12:31
Table 'NLHRed12' 6-max Seat #1 is the button
Seat 1: 64e2c007 ($14.23 in chips)
Seat 2: 86fb125c ($10.45 in chips)
Seat 3: e92579bc ($12.69 in chips)
Seat 4: 1cfc1294 ($12.04 in chips)
Seat 5: 313cb3ef ($6.68 in chips)
Seat 6: Hero ($11.31 in chips)
86fb125c: posts small blind $0.05
e92579bc: posts big blind $0.1
*** HOLE CARDS ***
Dealt to 64e2c007 
Dealt to 86fb125c 
Dealt to e92579bc 
Dealt to 1cfc1294 
Dealt to 313cb3ef 
Dealt to Hero [8c 5d]
1cfc1294: folds
313cb3ef: folds
Hero: folds
64e2c007: folds
86fb125c: folds
Uncalled bet ($0.05) returned to e92579bc
*** SHOWDOWN ***
e92579bc collected $0.1 from pot
*** SUMMARY ***
Total pot $0.1 | Rake $0 | Jackpot $0 | Bingo $0 | Fortune $0 | Tax $0
Seat 1: 64e2c007 (button) folded before Flop (didn't bet)
Seat 2: 86fb125c (small blind) folded before Flop
Seat 3: e92579bc (big blind) collected ($0.1)
Seat 4: 1cfc1294 folded before Flop (didn't bet)
Seat 5: 313cb3ef folded before Flop (didn't bet)
Seat 6: Hero folded before Flop (didn't bet)


Poker Hand #HD1762897294: Hold'em No Limit ($0.05/$0.1) - 2024/05/07 20:11:20
Table 'NLHRed12' 6-max Seat #6 is the button
Seat 1: 64e2c007 ($14.73 in chips)
Seat 2: 86fb125c ($10 in chips)
Seat 3: e92579bc ($12.69 in chips)
Seat 4: 1cfc1294 ($12.04 in chips)
Seat 5: 313cb3ef ($6.68 in chips)
Seat 6: Hero ($11.31 in chips)
64e2c007: posts small blind $0.05
86fb125c: posts big blind $0.1
*** HOLE CARDS ***
Dealt to 64e2c007 
Dealt to 86fb125c 
Dealt to e92579bc 
Dealt to 1cfc1294 
Dealt to 313cb3ef 
Dealt to Hero [2s Th]
e92579bc: folds
1cfc1294: folds
313cb3ef: folds
Hero: folds
64e2c007: calls $0.05
86fb125c: checks
*** FLOP *** [Qh Jh 8c]
64e2c007: bets $0.1
86fb125c: raises $0.3 to $0.4
64e2c007: calls $0.3
*** TURN *** [Qh Jh 8c] [4c]
64e2c007: checks
86fb125c: bets $0.75
64e2c007: folds
Uncalled bet ($0.75) returned to 86fb125c
*** SHOWDOWN ***
86fb125c collected $0.95 from pot
*** SUMMARY ***
Total pot $1 | Rake $0.05 | Jackpot $0 | Bingo $0 | Fortune $0 | Tax $0
Board [Qh Jh 8c 4c]
Seat 1: 64e2c007 (small blind) folded on the Turn
Seat 2: 86fb125c (big blind) won ($0.95)
Seat 3: e92579bc folded before Flop (didn't bet)
Seat 4: 1cfc1294 folded before Flop (didn't bet)
Seat 5: 313cb3ef folded before Flop (didn't bet)
Seat 6: Hero (button) folded before Flop (didn't bet)


Poker Hand #HD1762897093: Hold'em No Limit ($0.05/$0.1) - 2024/05/07 20:10:00
Table 'NLHRed12' 6-max Seat #5 is the button
Seat 1: 64e2c007 ($13.87 in chips)
Seat 3: e92579bc ($13.59 in chips)
Seat 4: 1cfc1294 ($12.04 in chips)
Seat 5: 313cb3ef ($6.68 in chips)
Seat 6: Hero ($11.36 in chips)
Hero: posts small blind $0.05
64e2c007: posts big blind $0.1
*** HOLE CARDS ***
Dealt to 64e2c007 
Dealt to e92579bc 
Dealt to 1cfc1294 
Dealt to 313cb3ef 
Dealt to Hero [7c 3c]
e92579bc: raises $0.15 to $0.25
1cfc1294: folds
313cb3ef: folds
Hero: folds
64e2c007: calls $0.15
*** FLOP *** [7d 6c 9c]
64e2c007: checks
e92579bc: checks
*** TURN *** [7d 6c 9c] [Jd]
64e2c007: checks
e92579bc: bets $0.28
64e2c007: calls $0.28
*** RIVER *** [7d 6c 9c Jd] [As]
64e2c007: bets $0.37
e92579bc: calls $0.37
64e2c007: shows [Js 7s] (Pair of Jacks and Pair of Sevens)
e92579bc: shows [Ad Ks] (Pair of Aces)
*** SHOWDOWN ***
64e2c007 collected $1.76 from pot
*** SUMMARY ***
Total pot $1.85 | Rake $0.09 | Jackpot $0 | Bingo $0 | Fortune $0 | Tax $0
Board [7d 6c 9c Jd As]
Seat 1: 64e2c007 (big blind) showed [Js 7s] and won ($1.76) with Pair of Jacks and Pair of Sevens
Seat 3: e92579bc showed [Ad Ks] and lost with Pair of Aces
Seat 4: 1cfc1294 folded before Flop (didn't bet)
Seat 5: 313cb3ef (button) folded before Flop (didn't bet)
Seat 6: Hero (small blind) folded before Flop


Poker Hand #HD1762897059: Hold'em No Limit ($0.05/$0.1) - 2024/05/07 20:09:41
Table 'NLHRed12' 6-max Seat #4 is the button
Seat 1: 64e2c007 ($13.87 in chips)
Seat 3: e92579bc ($13.59 in chips)
Seat 4: 1cfc1294 ($11.89 in chips)
Seat 5: 313cb3ef ($6.73 in chips)
Seat 6: Hero ($11.46 in chips)
313cb3ef: posts small blind $0.05
Hero: posts big blind $0.1
*** HOLE CARDS ***
Dealt to 64e2c007 
Dealt to e92579bc 
Dealt to 1cfc1294 
Dealt to 313cb3ef 
Dealt to Hero [Td 8h]
64e2c007: folds
e92579bc: folds
1cfc1294: raises $0.2 to $0.3
313cb3ef: folds
Hero: folds
Uncalled bet ($0.2) returned to 1cfc1294
*** SHOWDOWN ***
1cfc1294 collected $0.25 from pot
*** SUMMARY ***
Total pot $0.25 | Rake $0 | Jackpot $0 | Bingo $0 | Fortune $0 | Tax $0
Seat 1: 64e2c007 folded before Flop (didn't bet)
Seat 3: e92579bc folded before Flop (didn't bet)
Seat 4: 1cfc1294 (button) collected ($0.25)
Seat 5: 313cb3ef (small blind) folded before Flop
Seat 6: Hero (big blind) folded before Flop


Poker Hand #HD1762896813: Hold'em No Limit ($0.05/$0.1) - 2024/05/07 20:08:01
Table 'NLHRed12' 6-max Seat #3 is the button
Seat 1: 64e2c007 ($6.85 in chips)
Seat 3: e92579bc ($13.59 in chips)
Seat 4: 1cfc1294 ($12.89 in chips)
Seat 5: 313cb3ef ($10 in chips)
Seat 6: Hero ($11.46 in chips)
1cfc1294: posts small blind $0.05
313cb3ef: posts big blind $0.1
*** HOLE CARDS ***
Dealt to 64e2c007 
Dealt to e92579bc 
Dealt to 1cfc1294 
Dealt to 313cb3ef 
Dealt to Hero [6d Ah]
Hero: folds
64e2c007: raises $0.1 to $0.2
e92579bc: folds
1cfc1294: raises $0.8 to $1
313cb3ef: raises $1.5 to $2.5
64e2c007: calls $2.3
1cfc1294: folds
*** FLOP *** [3c 2d 8s]
313cb3ef: bets $3
64e2c007: raises $1.35 to $4.35 and is all-in
313cb3ef: calls $1.35
64e2c007: shows [Jc Jh] (Pair of Jacks)
313cb3ef: shows [Ac Kd] (Ace-High)
*** TURN *** [3c 2d 8s] [2c]
*** RIVER *** [3c 2d 8s 2c] [Qc]
*** SHOWDOWN ***
64e2c007 collected $13.87 from pot
*** SUMMARY ***
Total pot $14.7 | Rake $0.73 | Jackpot $0.1 | Bingo $0 | Fortune $0 | Tax $0
Board [3c 2d 8s 2c Qc]
Seat 1: 64e2c007 showed [Jc Jh] and won ($13.87) with Pair of Jacks and Pair of Twos
Seat 3: e92579bc (button) folded before Flop (didn't bet)
Seat 4: 1cfc1294 (small blind) folded before Flop
Seat 5: 313cb3ef (big blind) showed [Ac Kd] and lost with Pair of Twos
Seat 6: Hero folded before Flop (didn't bet)


Poker Hand #HD1762896582: Hold'em No Limit ($0.05/$0.1) - 2024/05/07 20:06:28
Table 'NLHRed12' 6-max Seat #1 is the button
Seat 1: 64e2c007 ($6.85 in chips)
Seat 2: b33b78fc ($13.47 in chips)
Seat 3: e92579bc ($10 in chips)
Seat 4: 1cfc1294 ($12.89 in chips)
Seat 5: 313cb3ef ($13.08 in chips)
Seat 6: Hero ($11.46 in chips)
b33b78fc: posts small blind $0.05
e92579bc: posts big blind $0.1
*** HOLE CARDS ***
Dealt to 64e2c007 
Dealt to b33b78fc 
Dealt to e92579bc 
Dealt to 1cfc1294 
Dealt to 313cb3ef 
Dealt to Hero [5s 3h]
1cfc1294: folds
313cb3ef: raises $0.2 to $0.3
Hero: folds
64e2c007: folds
b33b78fc: folds
e92579bc: calls $0.2
*** FLOP *** [Kc Kd 9d]
e92579bc: checks
313cb3ef: checks
*** TURN *** [Kc Kd 9d] [Th]
e92579bc: checks
313cb3ef: bets $0.3
e92579bc: raises $0.94 to $1.24
313cb3ef: calls $0.94
*** RIVER *** [Kc Kd 9d Th] [8c]
e92579bc: bets $2.5
313cb3ef: calls $2.5
e92579bc: shows [9c 9s] (Nines Full over Kings)
313cb3ef: shows [Qd Kh] (Three Kings)
*** SHOWDOWN ***
e92579bc collected $7.63 from pot
*** SUMMARY ***
Total pot $8.13 | Rake $0.4 | Jackpot $0.1 | Bingo $0 | Fortune $0 | Tax $0
Board [Kc Kd 9d Th 8c]
Seat 1: 64e2c007 (button) folded before Flop (didn't bet)
Seat 2: b33b78fc (small blind) folded before Flop
Seat 3: e92579bc (big blind) showed [9c 9s] and won ($7.63) with Nines Full over Kings
Seat 4: 1cfc1294 folded before Flop (didn't bet)
Seat 5: 313cb3ef showed [Qd Kh] and lost with Three Kings
Seat 6: Hero folded before Flop (didn't bet)


Poker Hand #HD1762896439: Hold'em No Limit ($0.05/$0.1) - 2024/05/07 20:05:31
Table 'NLHRed12' 6-max Seat #6 is the button
Seat 1: 64e2c007 ($7.09 in chips)
Seat 2: b33b78fc ($13.02 in chips)
Seat 4: 1cfc1294 ($12.89 in chips)
Seat 5: 313cb3ef ($13.08 in chips)
Seat 6: Hero ($11.7 in chips)
64e2c007: posts small blind $0.05
b33b78fc: posts big blind $0.1
*** HOLE CARDS ***
Dealt to 64e2c007 
Dealt to b33b78fc 
Dealt to 1cfc1294 
Dealt to 313cb3ef 
Dealt to Hero [Kc 9s]
1cfc1294: folds
313cb3ef: folds
Hero: raises $0.14 to $0.24
64e2c007: calls $0.19
b33b78fc: calls $0.14
*** FLOP *** [7s 7h 5c]
64e2c007: checks
b33b78fc: checks
Hero: checks
*** TURN *** [7s 7h 5c] [Ah]
64e2c007: checks
b33b78fc: checks
Hero: checks
*** RIVER *** [7s 7h 5c Ah] [Td]
64e2c007: checks
b33b78fc: checks
Hero: checks
64e2c007: shows [Kd 6d] (Pair of Sevens)
b33b78fc: shows [Ts 9c] (Pair of Tens and Pair of Sevens)
Hero: shows [Kc 9s] (Pair of Sevens)
*** SHOWDOWN ***
b33b78fc collected $0.69 from pot
*** SUMMARY ***
Total pot $0.72 | Rake $0.03 | Jackpot $0 | Bingo $0 | Fortune $0 | Tax $0
Board [7s 7h 5c Ah Td]
Seat 1: 64e2c007 (small blind) showed [Kd 6d] and lost with Pair of Sevens
Seat 2: b33b78fc (big blind) showed [Ts 9c] and won ($0.69) with Pair of Tens and Pair of Sevens
Seat 4: 1cfc1294 folded before Flop (didn't bet)
Seat 5: 313cb3ef folded before Flop (didn't bet)
Seat 6: Hero (button) showed [Kc 9s] and lost with Pair of Sevens


Poker Hand #HD1762896303: Hold'em No Limit ($0.05/$0.1) - 2024/05/07 20:04:36
Table 'NLHRed12' 6-max Seat #5 is the button
Seat 1: 64e2c007 ($9.02 in chips)
Seat 2: b33b78fc ($13.02 in chips)
Seat 4: 1cfc1294 ($12.89 in chips)
Seat 5: 313cb3ef ($13.08 in chips)
Seat 6: Hero ($10.05 in chips)
Hero: posts small blind $0.05
64e2c007: posts big blind $0.1
*** HOLE CARDS ***
Dealt to 64e2c007 
Dealt to b33b78fc 
Dealt to 1cfc1294 
Dealt to 313cb3ef 
Dealt to Hero [Jd Ad]
b33b78fc: folds
1cfc1294: folds
313cb3ef: folds
Hero: raises $0.2 to $0.3
64e2c007: calls $0.2
*** FLOP *** [4s 6d Ah]
Hero: bets $0.2
64e2c007: calls $0.2
*** TURN *** [4s 6d Ah] [8h]
Hero: bets $0.66
64e2c007: calls $0.66
*** RIVER *** [4s 6d Ah 8h] [5c]
Hero: bets $0.77
64e2c007: calls $0.77
Hero: shows [Jd Ad] (Pair of Aces)
64e2c007: shows [Ac 2d] (Pair of Aces)
*** SHOWDOWN ***
Hero collected $3.58 from pot
*** SUMMARY ***
Total pot $3.86 | Rake $0.18 | Jackpot $0.1 | Bingo $0 | Fortune $0 | Tax $0
Board [4s 6d Ah 8h 5c]
Seat 1: 64e2c007 (big blind) showed [Ac 2d] and lost with Pair of Aces
Seat 2: b33b78fc folded before Flop (didn't bet)
Seat 4: 1cfc1294 folded before Flop (didn't bet)
Seat 5: 313cb3ef (button) folded before Flop (didn't bet)
Seat 6: Hero (small blind) showed [Jd Ad] and won ($3.58) with Pair of Aces


Poker Hand #HD1762896262: Hold'em No Limit ($0.05/$0.1) - 2024/05/07 20:04:22
Table 'NLHRed12' 6-max Seat #4 is the button
Seat 1: 64e2c007 ($9.02 in chips)
Seat 2: b33b78fc ($13.02 in chips)
Seat 4: 1cfc1294 ($12.89 in chips)
Seat 5: 313cb3ef ($13.13 in chips)
Seat 6: Hero ($10 in chips)
313cb3ef: posts small blind $0.05
Hero: posts big blind $0.1
*** HOLE CARDS ***
Dealt to 64e2c007 
Dealt to b33b78fc 
Dealt to 1cfc1294 
Dealt to 313cb3ef 
Dealt to Hero [As Ad]
64e2c007: folds
b33b78fc: folds
1cfc1294: folds
313cb3ef: folds
Uncalled bet ($0.05) returned to Hero
*** SHOWDOWN ***
Hero collected $0.1 from pot
*** SUMMARY ***
Total pot $0.1 | Rake $0 | Jackpot $0 | Bingo $0 | Fortune $0 | Tax $0
Seat 1: 64e2c007 folded before Flop (didn't bet)
Seat 2: b33b78fc folded before Flop (didn't bet)
Seat 4: 1cfc1294 (button) folded before Flop (didn't bet)
Seat 5: 313cb3ef (small blind) folded before Flop
Seat 6: Hero (big blind) collected ($0.1)


Poker Hand #HD1762896218: Hold'em No Limit ($0.05/$0.1) - 2024/05/07 20:04:03
Table 'NLHRed12' 6-max Seat #2 is the button
Seat 1: 64e2c007 ($9.02 in chips)
Seat 2: b33b78fc ($13.02 in chips)
Seat 4: 1cfc1294 ($12.94 in chips)
Seat 5: 313cb3ef ($13.08 in chips)
Seat 6: Hero ($10 in chips)
1cfc1294: posts small blind $0.05
313cb3ef: posts big blind $0.1
*** HOLE CARDS ***
Dealt to 64e2c007 
Dealt to b33b78fc 
Dealt to 1cfc1294 
Dealt to 313cb3ef 
Dealt to Hero [3c Js]
Hero: folds
64e2c007: folds
b33b78fc: folds
1cfc1294: folds
Uncalled bet ($0.05) returned to 313cb3ef
*** SHOWDOWN ***
313cb3ef collected $0.1 from pot
*** SUMMARY ***
Total pot $0.1 | Rake $0 | Jackpot $0 | Bingo $0 | Fortune $0 | Tax $0
Seat 1: 64e2c007 folded before Flop (didn't bet)
Seat 2: b33b78fc (button) folded before Flop (didn't bet)
Seat 4: 1cfc1294 (small blind) folded before Flop
Seat 5: 313cb3ef (big blind) collected ($0.1)
Seat 6: Hero folded before Flop (didn't bet)


Poker Hand #HD1762896088: Hold'em No Limit ($0.05/$0.1) - 2024/05/07 20:03:02
Table 'NLHRed12' 6-max Seat #1 is the button
Seat 1: 64e2c007 ($9.22 in chips)
Seat 2: b33b78fc ($13.67 in chips)
Seat 4: 1cfc1294 ($12.16 in chips)
Seat 6: Hero ($10 in chips)
b33b78fc: posts small blind $0.05
1cfc1294: posts big blind $0.1
*** HOLE CARDS ***
Dealt to 64e2c007 
Dealt to b33b78fc 
Dealt to 1cfc1294 
Dealt to Hero [9s 6d]
Hero: folds
64e2c007: raises $0.1 to $0.2
b33b78fc: calls $0.15
1cfc1294: calls $0.1
*** FLOP *** [Js 3d 8d]
b33b78fc: checks
1cfc1294: checks
64e2c007: checks
*** TURN *** [Js 3d 8d] [3c]
b33b78fc: bets $0.45
1cfc1294: calls $0.45
64e2c007: folds
*** RIVER *** [Js 3d 8d 3c] [5d]
b33b78fc: checks
1cfc1294: bets $0.9
b33b78fc: folds
Uncalled bet ($0.9) returned to 1cfc1294
*** SHOWDOWN ***
1cfc1294 collected $1.43 from pot
*** SUMMARY ***
Total pot $1.5 | Rake $0.07 | Jackpot $0 | Bingo $0 | Fortune $0 | Tax $0
Board [Js 3d 8d 3c 5d]
Seat 1: 64e2c007 (button) folded on the Turn
Seat 2: b33b78fc (small blind) folded on the River
Seat 4: 1cfc1294 (big blind) won ($1.43)
Seat 6: Hero folded before Flop (didn't bet)


Poker Hand #HD1762895974: Hold'em No Limit ($0.05/$0.1) - 2024/05/07 20:02:15
Table 'NLHRed12' 6-max Seat #6 is the button
Seat 1: 64e2c007 ($9.56 in chips)
Seat 2: b33b78fc ($13.36 in chips)
Seat 4: 1cfc1294 ($12.16 in chips)
Seat 6: Hero ($10 in chips)
64e2c007: posts small blind $0.05
b33b78fc: posts big blind $0.1
*** HOLE CARDS ***
Dealt to 64e2c007 
Dealt to b33b78fc 
Dealt to 1cfc1294 
Dealt to Hero [9h 6s]
1cfc1294: folds
Hero: folds
64e2c007: raises $0.1 to $0.2
b33b78fc: raises $0.14 to $0.34
64e2c007: calls $0.14
*** FLOP *** [Qh 3h 3s]
64e2c007: checks
b33b78fc: bets $0.51
64e2c007: folds
Uncalled bet ($0.51) returned to b33b78fc
*** SHOWDOWN ***
b33b78fc collected $0.65 from pot
*** SUMMARY ***
Total pot $0.68 | Rake $0.03 | Jackpot $0 | Bingo $0 | Fortune $0 | Tax $0
Board [Qh 3h 3s]
Seat 1: 64e2c007 (small blind) folded on the Flop
Seat 2: b33b78fc (big blind) won ($0.65)
Seat 4: 1cfc1294 folded before Flop (didn't bet)
Seat 6: Hero (button) folded before Flop (didn't bet)


Poker Hand #HD1762895956: Hold'em No Limit ($0.05/$0.1) - 2024/05/07 20:02:06
Table 'NLHRed12' 6-max Seat #4 is the button
Seat 1: 64e2c007 ($9.51 in chips)
Seat 2: b33b78fc ($13.36 in chips)
Seat 4: 1cfc1294 ($12.16 in chips)
Seat 6: Hero ($10.05 in chips)
Hero: posts small blind $0.05
64e2c007: posts big blind $0.1
*** HOLE CARDS ***
Dealt to 64e2c007 
Dealt to b33b78fc 
Dealt to 1cfc1294 
Dealt to Hero [5h 9s]
b33b78fc: folds
1cfc1294: folds
Hero: folds
Uncalled bet ($0.05) returned to 64e2c007
*** SHOWDOWN ***
64e2c007 collected $0.1 from pot
*** SUMMARY ***
Total pot $0.1 | Rake $0 | Jackpot $0 | Bingo $0 | Fortune $0 | Tax $0
Seat 1: 64e2c007 (big blind) collected ($0.1)
Seat 2: b33b78fc folded before Flop (didn't bet)
Seat 4: 1cfc1294 (button) folded before Flop (didn't bet)
Seat 6: Hero (small blind) folded before Flop


Poker Hand #HD1762895948: Hold'em No Limit ($0.05/$0.1) - 2024/05/07 20:01:58
Table 'NLHRed12' 6-max Seat #2 is the button
Seat 1: 64e2c007 ($9.51 in chips)
Seat 2: b33b78fc ($13.36 in chips)
Seat 4: 1cfc1294 ($12.21 in chips)
Seat 6: Hero ($10 in chips)
1cfc1294: posts small blind $0.05
Hero: posts big blind $0.1
*** HOLE CARDS ***
Dealt to 64e2c007 
Dealt to b33b78fc 
Dealt to 1cfc1294 
Dealt to Hero [Th Td]
64e2c007: folds
b33b78fc: folds
1cfc1294: folds
Uncalled bet ($0.05) returned to Hero
*** SHOWDOWN ***
Hero collected $0.1 from pot
*** SUMMARY ***
Total pot $0.1 | Rake $0 | Jackpot $0 | Bingo $0 | Fortune $0 | Tax $0
Seat 1: 64e2c007 folded before Flop (didn't bet)
Seat 2: b33b78fc (button) folded before Flop (didn't bet)
Seat 4: 1cfc1294 (small blind) folded before Flop
Seat 6: Hero (big blind) collected ($0.1)


Poker Hand #HD1762895794: Hold'em No Limit ($0.05/$0.1) - 2024/05/07 20:00:48
Table 'NLHRed12' 6-max Seat #1 is the button
Seat 1: 64e2c007 ($8.33 in chips)
Seat 2: b33b78fc ($14.56 in chips)
Seat 4: 1cfc1294 ($12.31 in chips)
Seat 6: Hero ($10 in chips)
b33b78fc: posts small blind $0.05
1cfc1294: posts big blind $0.1
*** HOLE CARDS ***
Dealt to 64e2c007 
Dealt to b33b78fc 
Dealt to 1cfc1294 
Dealt to Hero [3c 5s]
Hero: folds
64e2c007: raises $0.1 to $0.2
b33b78fc: raises $0.25 to $0.45
1cfc1294: folds
64e2c007: calls $0.25
*** FLOP *** [9c Jd 5d]
b33b78fc: checks
64e2c007: checks
*** TURN *** [9c Jd 5d] [2h]
b33b78fc: bets $0.75
64e2c007: calls $0.75
*** RIVER *** [9c Jd 5d 2h] [4d]
b33b78fc: checks
64e2c007: checks
b33b78fc: shows [Qc Td] (Queen-High)
64e2c007: shows [4h 5h] (Pair of Fives and Pair of Fours)
*** SHOWDOWN ***
64e2c007 collected $2.38 from pot
*** SUMMARY ***
Total pot $2.5 | Rake $0.12 | Jackpot $0 | Bingo $0 | Fortune $0 | Tax $0
Board [9c Jd 5d 2h 4d]
Seat 1: 64e2c007 (button) showed [4h 5h] and won ($2.38) with Pair of Fives and Pair of Fours
Seat 2: b33b78fc (small blind) showed [Qc Td] and lost with Queen-High
Seat 4: 1cfc1294 (big blind) folded before Flop
Seat 6: Hero folded before Flop (didn't bet)


Poker Hand #HD1762815594: Hold'em No Limit ($0.05/$0.1) - 2024/05/07 19:59:18
Table 'NLHRed12' 6-max Seat #6 is the button
Seat 1: 64e2c007 ($8.38 in chips)
Seat 2: b33b78fc ($15.66 in chips)
Seat 4: 1cfc1294 ($10.32 in chips)
Seat 5: 313cb3ef ($13.08 in chips)
Seat 6: Hero ($10 in chips)
64e2c007: posts small blind $0.05
b33b78fc: posts big blind $0.1
*** HOLE CARDS ***
Dealt to 64e2c007 
Dealt to b33b78fc 
Dealt to 1cfc1294 
Dealt to 313cb3ef 
Dealt to Hero [Tc Td]
1cfc1294: raises $0.2 to $0.3
313cb3ef: folds
Hero: raises $0.8 to $1.1
64e2c007: folds
b33b78fc: calls $1
1cfc1294: raises $9.22 to $10.32 and is all-in
Hero: folds
b33b78fc: folds
Uncalled bet ($9.22) returned to 1cfc1294
*** SHOWDOWN ***
1cfc1294 collected $3.09 from pot
*** SUMMARY ***
Total pot $3.35 | Rake $0.16 | Jackpot $0.1 | Bingo $0 | Fortune $0 | Tax $0
Seat 1: 64e2c007 (small blind) folded before Flop
Seat 2: b33b78fc (big blind) folded before Flop
Seat 4: 1cfc1294 collected ($3.09)
Seat 5: 313cb3ef folded before Flop (didn't bet)
Seat 6: Hero (button) folded before Flop


Poker Hand #HD1762815367: Hold'em No Limit ($0.05/$0.1) - 2024/05/07 19:57:35
Table 'NLHRed12' 6-max Seat #5 is the button
Seat 1: 64e2c007 ($8.48 in chips)
Seat 2: b33b78fc ($10.53 in chips)
Seat 4: 1cfc1294 ($10.32 in chips)
Seat 5: 313cb3ef ($13.08 in chips)
Seat 6: Hero ($10 in chips)
Hero: posts small blind $0.05
64e2c007: posts big blind $0.1
*** HOLE CARDS ***
Dealt to 64e2c007 
Dealt to b33b78fc 
Dealt to 1cfc1294 
Dealt to 313cb3ef 
Dealt to Hero [As Ks]
b33b78fc: raises $0.15 to $0.25
1cfc1294: folds
313cb3ef: folds
Hero: raises $0.95 to $1.2
64e2c007: folds
b33b78fc: calls $0.95
*** FLOP *** [Kd 9h 3c]
Hero: bets $0.83
b33b78fc: raises $1.38 to $2.21
Hero: calls $1.38
*** TURN *** [Kd 9h 3c] [Qs]
Hero: checks
b33b78fc: checks
*** RIVER *** [Kd 9h 3c Qs] [8d]
Hero: checks
b33b78fc: bets $2.29
Hero: calls $2.29
b33b78fc: shows [Tc Jd] (Kings-High Straight)
Hero: shows [As Ks] (Pair of Kings)
*** SHOWDOWN ***
b33b78fc collected $10.83 from pot
*** SUMMARY ***
Total pot $11.5 | Rake $0.57 | Jackpot $0.1 | Bingo $0 | Fortune $0 | Tax $0
Board [Kd 9h 3c Qs 8d]
Seat 1: 64e2c007 (big blind) folded before Flop
Seat 2: b33b78fc showed [Tc Jd] and won ($10.83) with Kings-High Straight
Seat 4: 1cfc1294 folded before Flop (didn't bet)
Seat 5: 313cb3ef (button) folded before Flop (didn't bet)
Seat 6: Hero (small blind) showed [As Ks] and lost with Pair of Kings


Poker Hand #HD1762815333: Hold'em No Limit ($0.05/$0.1) - 2024/05/07 19:57:18
Table 'NLHRed12' 6-max Seat #4 is the button
Seat 1: 64e2c007 ($8.48 in chips)
Seat 2: b33b78fc ($10.53 in chips)
Seat 4: 1cfc1294 ($10.17 in chips)
Seat 5: 313cb3ef ($13.13 in chips)
Seat 6: Hero ($10 in chips)
313cb3ef: posts small blind $0.05
Hero: posts big blind $0.1
*** HOLE CARDS ***
Dealt to 64e2c007 
Dealt to b33b78fc 
Dealt to 1cfc1294 
Dealt to 313cb3ef 
Dealt to Hero [5h Qd]
64e2c007: folds
b33b78fc: folds
1cfc1294: raises $0.2 to $0.3
313cb3ef: folds
Hero: folds
Uncalled bet ($0.2) returned to 1cfc1294
*** SHOWDOWN ***
1cfc1294 collected $0.25 from pot
*** SUMMARY ***
Total pot $0.25 | Rake $0 | Jackpot $0 | Bingo $0 | Fortune $0 | Tax $0
Seat 1: 64e2c007 folded before Flop (didn't bet)
Seat 2: b33b78fc folded before Flop (didn't bet)
Seat 4: 1cfc1294 (button) collected ($0.25)
Seat 5: 313cb3ef (small blind) folded before Flop
Seat 6: Hero (big blind) folded before Flop


Poker Hand #HD1762815204: Hold'em No Limit ($0.05/$0.1) - 2024/05/07 19:56:22
Table 'NLHRed12' 6-max Seat #2 is the button
Seat 1: 64e2c007 ($8.16 in chips)
Seat 2: b33b78fc ($10.53 in chips)
Seat 4: 1cfc1294 ($10.22 in chips)
Seat 5: 313cb3ef ($13.43 in chips)
Seat 6: Hero ($10 in chips)
1cfc1294: posts small blind $0.05
313cb3ef: posts big blind $0.1
*** HOLE CARDS ***
Dealt to 64e2c007 
Dealt to b33b78fc 
Dealt to 1cfc1294 
Dealt to 313cb3ef 
Dealt to Hero [7h Jc]
Hero: folds
64e2c007: raises $0.1 to $0.2
b33b78fc: folds
1cfc1294: folds
313cb3ef: calls $0.1
*** FLOP *** [Jd Qd 9c]
313cb3ef: checks
64e2c007: checks
*** TURN *** [Jd Qd 9c] [Qc]
313cb3ef: checks
64e2c007: checks
*** RIVER *** [Jd Qd 9c Qc] [5h]
313cb3ef: bets $0.1
64e2c007: calls $0.1
313cb3ef: shows [3s Ad] (Pair of Queens)
64e2c007: shows [Ah Ts] (Pair of Queens)
*** SHOWDOWN ***
64e2c007 collected $0.62 from pot
*** SUMMARY ***
Total pot $0.65 | Rake $0.03 | Jackpot $0 | Bingo $0 | Fortune $0 | Tax $0
Board [Jd Qd 9c Qc 5h]
Seat 1: 64e2c007 showed [Ah Ts] and won ($0.62) with Pair of Queens
Seat 2: b33b78fc (button) folded before Flop (didn't bet)
Seat 4: 1cfc1294 (small blind) folded before Flop
Seat 5: 313cb3ef (big blind) showed [3s Ad] and lost with Pair of Queens
Seat 6: Hero folded before Flop (didn't bet)


Poker Hand #HD1762815172: Hold'em No Limit ($0.05/$0.1) - 2024/05/07 19:56:10
Table 'NLHRed12' 6-max Seat #1 is the button
Seat 1: 64e2c007 ($8.16 in chips)
Seat 2: b33b78fc ($10.43 in chips)
Seat 4: 1cfc1294 ($10.32 in chips)
Seat 5: 313cb3ef ($13.43 in chips)
Seat 6: Hero ($10 in chips)
b33b78fc: posts small blind $0.05
1cfc1294: posts big blind $0.1
*** HOLE CARDS ***
Dealt to 64e2c007 
Dealt to b33b78fc 
Dealt to 1cfc1294 
Dealt to 313cb3ef 
Dealt to Hero [2c 3c]
313cb3ef: folds
Hero: folds
64e2c007: folds
b33b78fc: raises $0.15 to $0.25
1cfc1294: folds
Uncalled bet ($0.15) returned to b33b78fc
*** SHOWDOWN ***
b33b78fc collected $0.2 from pot
*** SUMMARY ***
Total pot $0.2 | Rake $0 | Jackpot $0 | Bingo $0 | Fortune $0 | Tax $0
Seat 1: 64e2c007 (button) folded before Flop (didn't bet)
Seat 2: b33b78fc (small blind) collected ($0.2)
Seat 4: 1cfc1294 (big blind) folded before Flop
Seat 5: 313cb3ef folded before Flop (didn't bet)
Seat 6: Hero folded before Flop (didn't bet)


Poker Hand #HD1762815014: Hold'em No Limit ($0.05/$0.1) - 2024/05/07 19:55:00
Table 'NLHRed12' 6-max Seat #6 is the button
Seat 1: 64e2c007 ($8.74 in chips)
Seat 2: b33b78fc ($10.53 in chips)
Seat 3: e7e6e95d ($12.94 in chips)
Seat 4: 1cfc1294 ($10.32 in chips)
Seat 5: 313cb3ef ($12.81 in chips)
Seat 6: Hero ($10 in chips)
64e2c007: posts small blind $0.05
b33b78fc: posts big blind $0.1
*** HOLE CARDS ***
Dealt to 64e2c007 
Dealt to b33b78fc 
Dealt to e7e6e95d 
Dealt to 1cfc1294 
Dealt to 313cb3ef 
Dealt to Hero [5s 8s]
e7e6e95d: folds
1cfc1294: folds
313cb3ef: calls $0.1
Hero: folds
64e2c007: raises $0.1 to $0.2
b33b78fc: folds
313cb3ef: calls $0.1
*** FLOP *** [6s 5h 2d]
64e2c007: checks
313cb3ef: checks
*** TURN *** [6s 5h 2d] [Js]
64e2c007: bets $0.38
313cb3ef: calls $0.38
*** RIVER *** [6s 5h 2d Js] [Th]
64e2c007: checks
313cb3ef: checks
64e2c007: shows [Qs 3s] (Queen-High)
313cb3ef: shows [8c 8d] (Pair of Eights)
*** SHOWDOWN ***
313cb3ef collected $1.2 from pot
*** SUMMARY ***
Total pot $1.26 | Rake $0.06 | Jackpot $0 | Bingo $0 | Fortune $0 | Tax $0
Board [6s 5h 2d Js Th]
Seat 1: 64e2c007 (small blind) showed [Qs 3s] and lost with Queen-High
Seat 2: b33b78fc (big blind) folded before Flop
Seat 3: e7e6e95d folded before Flop (didn't bet)
Seat 4: 1cfc1294 folded before Flop (didn't bet)
Seat 5: 313cb3ef showed [8c 8d] and won ($1.2) with Pair of Eights
Seat 6: Hero (button) folded before Flop (didn't bet)


Poker Hand #HD1762814897: Hold'em No Limit ($0.05/$0.1) - 2024/05/07 19:54:14
Table 'NLHRed12' 6-max Seat #5 is the button
Seat 1: 64e2c007 ($8.42 in chips)
Seat 2: b33b78fc ($10.53 in chips)
Seat 3: e7e6e95d ($12.94 in chips)
Seat 4: 1cfc1294 ($10.32 in chips)
Seat 5: 313cb3ef ($13.11 in chips)
Seat 6: Hero ($10 in chips)
Hero: posts small blind $0.05
64e2c007: posts big blind $0.1
*** HOLE CARDS ***
Dealt to 64e2c007 
Dealt to b33b78fc 
Dealt to e7e6e95d 
Dealt to 1cfc1294 
Dealt to 313cb3ef 
Dealt to Hero [Ah 8h]
b33b78fc: folds
e7e6e95d: folds
1cfc1294: folds
313cb3ef: raises $0.2 to $0.3
Hero: folds
64e2c007: calls $0.2
*** FLOP *** [Qs 5c 7s]
64e2c007: checks
313cb3ef: checks
*** TURN *** [Qs 5c 7s] [Ks]
64e2c007: bets $0.49
313cb3ef: folds
Uncalled bet ($0.49) returned to 64e2c007
*** SHOWDOWN ***
64e2c007 collected $0.62 from pot
*** SUMMARY ***
Total pot $0.65 | Rake $0.03 | Jackpot $0 | Bingo $0 | Fortune $0 | Tax $0
Board [Qs 5c 7s Ks]
Seat 1: 64e2c007 (big blind) won ($0.62)
Seat 2: b33b78fc folded before Flop (didn't bet)
Seat 3: e7e6e95d folded before Flop (didn't bet)
Seat 4: 1cfc1294 folded before Flop (didn't bet)
Seat 5: 313cb3ef (button) folded on the Turn
Seat 6: Hero (small blind) folded before Flop


Poker Hand #HD1762814790: Hold'em No Limit ($0.05/$0.1) - 2024/05/07 19:53:30
Table 'NLHRed12' 6-max Seat #4 is the button
Seat 1: 64e2c007 ($8.42 in chips)
Seat 2: b33b78fc ($10.21 in chips)
Seat 3: e7e6e95d ($12.94 in chips)
Seat 4: 1cfc1294 ($10.32 in chips)
Seat 5: 313cb3ef ($13.36 in chips)
Seat 6: Hero ($10 in chips)
313cb3ef: posts small blind $0.05
Hero: posts big blind $0.1
*** HOLE CARDS ***
Dealt to 64e2c007 
Dealt to b33b78fc 
Dealt to e7e6e95d 
Dealt to 1cfc1294 
Dealt to 313cb3ef 
Dealt to Hero [2d Ts]
64e2c007: folds
b33b78fc: raises $0.15 to $0.25
e7e6e95d: folds
1cfc1294: folds
313cb3ef: calls $0.2
Hero: folds
*** FLOP *** [6d 5d Ks]
313cb3ef: checks
b33b78fc: checks
*** TURN *** [6d 5d Ks] [9s]
313cb3ef: checks
b33b78fc: checks
*** RIVER *** [6d 5d Ks 9s] [Td]
313cb3ef: checks
b33b78fc: checks
313cb3ef: shows [Ah 4h] (Ace-High)
b33b78fc: shows [Qh Ac] (Ace-High)
*** SHOWDOWN ***
b33b78fc collected $0.57 from pot
*** SUMMARY ***
Total pot $0.6 | Rake $0.03 | Jackpot $0 | Bingo $0 | Fortune $0 | Tax $0
Board [6d 5d Ks 9s Td]
Seat 1: 64e2c007 folded before Flop (didn't bet)
Seat 2: b33b78fc showed [Qh Ac] and won ($0.57) with Ace-High
Seat 3: e7e6e95d folded before Flop (didn't bet)
Seat 4: 1cfc1294 (button) folded before Flop (didn't bet)
Seat 5: 313cb3ef (small blind) showed [Ah 4h] and lost with Ace-High
Seat 6: Hero (big blind) folded before Flop


Poker Hand #HD1762814542: Hold'em No Limit ($0.05/$0.1) - 2024/05/07 19:51:46
Table 'NLHRed12' 6-max Seat #3 is the button
Seat 1: 64e2c007 ($9.32 in chips)
Seat 2: b33b78fc ($12.36 in chips)
Seat 3: e7e6e95d ($12.94 in chips)
Seat 4: 1cfc1294 ($10.37 in chips)
Seat 5: 313cb3ef ($10.42 in chips)
Seat 6: Hero ($10 in chips)
1cfc1294: posts small blind $0.05
313cb3ef: posts big blind $0.1
*** HOLE CARDS ***
Dealt to 64e2c007 
Dealt to b33b78fc 
Dealt to e7e6e95d 
Dealt to 1cfc1294 
Dealt to 313cb3ef 
Dealt to Hero [Qh Jh]
Hero: raises $0.1 to $0.2
64e2c007: raises $0.1 to $0.3
b33b78fc: calls $0.3
e7e6e95d: folds
1cfc1294: folds
313cb3ef: raises $0.6 to $0.9
Hero: folds
64e2c007: calls $0.6
b33b78fc: calls $0.6
*** FLOP *** [3d 7s Tc]
313cb3ef: bets $1.25
64e2c007: folds
b33b78fc: calls $1.25
*** TURN *** [3d 7s Tc] [As]
313cb3ef: bets $2.3
b33b78fc: folds
Uncalled bet ($2.3) returned to 313cb3ef
*** SHOWDOWN ***
313cb3ef collected $5.09 from pot
*** SUMMARY ***
Total pot $5.45 | Rake $0.26 | Jackpot $0.1 | Bingo $0 | Fortune $0 | Tax $0
Board [3d 7s Tc As]
Seat 1: 64e2c007 folded on the Flop
Seat 2: b33b78fc folded on the Turn
Seat 3: e7e6e95d (button) folded before Flop (didn't bet)
Seat 4: 1cfc1294 (small blind) folded before Flop
Seat 5: 313cb3ef (big blind) won ($5.09)
Seat 6: Hero folded before Flop


Poker Hand #HD1762814510: Hold'em No Limit ($0.05/$0.1) - 2024/05/07 19:51:32
Table 'NLHRed12' 6-max Seat #2 is the button
Seat 1: 64e2c007 ($9.32 in chips)
Seat 2: b33b78fc ($12.21 in chips)
Seat 3: e7e6e95d ($12.99 in chips)
Seat 4: 1cfc1294 ($10.47 in chips)
Seat 5: 313cb3ef ($10.42 in chips)
Seat 6: Hero ($10 in chips)
e7e6e95d: posts small blind $0.05
1cfc1294: posts big blind $0.1
*** HOLE CARDS ***
Dealt to 64e2c007 
Dealt to b33b78fc 
Dealt to e7e6e95d 
Dealt to 1cfc1294 
Dealt to 313cb3ef 
Dealt to Hero [9d 3d]
313cb3ef: folds
Hero: folds
64e2c007: folds
b33b78fc: raises $0.15 to $0.25
e7e6e95d: folds
1cfc1294: folds
Uncalled bet ($0.15) returned to b33b78fc
*** SHOWDOWN ***
b33b78fc collected $0.25 from pot
*** SUMMARY ***
Total pot $0.25 | Rake $0 | Jackpot $0 | Bingo $0 | Fortune $0 | Tax $0
Seat 1: 64e2c007 folded before Flop (didn't bet)
Seat 2: b33b78fc (button) collected ($0.25)
Seat 3: e7e6e95d (small blind) folded before Flop
Seat 4: 1cfc1294 (big blind) folded before Flop
Seat 5: 313cb3ef folded before Flop (didn't bet)
Seat 6: Hero folded before Flop (didn't bet)


Poker Hand #HD1762814407: Hold'em No Limit ($0.05/$0.1) - 2024/05/07 19:50:47
Table 'NLHRed12' 6-max Seat #1 is the button
Seat 1: 64e2c007 ($9.09 in chips)
Seat 2: b33b78fc ($12.26 in chips)
Seat 3: e7e6e95d ($13.19 in chips)
Seat 4: 1cfc1294 ($10.47 in chips)
Seat 5: 313cb3ef ($10.42 in chips)
Seat 6: Hero ($10 in chips)
b33b78fc: posts small blind $0.05
e7e6e95d: posts big blind $0.1
*** HOLE CARDS ***
Dealt to 64e2c007 
Dealt to b33b78fc 
Dealt to e7e6e95d 
Dealt to 1cfc1294 
Dealt to 313cb3ef 
Dealt to Hero [5h Ac]
1cfc1294: folds
313cb3ef: folds
Hero: folds
64e2c007: raises $0.1 to $0.2
b33b78fc: folds
e7e6e95d: calls $0.1
*** FLOP *** [9d Ah 6d]
e7e6e95d: checks
64e2c007: bets $0.34
e7e6e95d: folds
Uncalled bet ($0.34) returned to 64e2c007
*** SHOWDOWN ***
64e2c007 collected $0.43 from pot
*** SUMMARY ***
Total pot $0.45 | Rake $0.02 | Jackpot $0 | Bingo $0 | Fortune $0 | Tax $0
Board [9d Ah 6d]
Seat 1: 64e2c007 (button) won ($0.43)
Seat 2: b33b78fc (small blind) folded before Flop
Seat 3: e7e6e95d (big blind) folded on the Flop
Seat 4: 1cfc1294 folded before Flop (didn't bet)
Seat 5: 313cb3ef folded before Flop (didn't bet)
Seat 6: Hero folded before Flop (didn't bet)


Poker Hand #HD1762814341: Hold'em No Limit ($0.05/$0.1) - 2024/05/07 19:50:15
Table 'NLHRed12' 6-max Seat #6 is the button
Seat 1: 64e2c007 ($9.19 in chips)
Seat 2: b33b78fc ($12.16 in chips)
Seat 3: e7e6e95d ($13.19 in chips)
Seat 4: 1cfc1294 ($10.47 in chips)
Seat 5: 313cb3ef ($10.42 in chips)
Seat 6: Hero ($10 in chips)
64e2c007: posts small blind $0.05
b33b78fc: posts big blind $0.1
*** HOLE CARDS ***
Dealt to 64e2c007 
Dealt to b33b78fc 
Dealt to e7e6e95d 
Dealt to 1cfc1294 
Dealt to 313cb3ef 
Dealt to Hero [8c Ks]
e7e6e95d: folds
1cfc1294: folds
313cb3ef: folds
Hero: folds
64e2c007: calls $0.05
b33b78fc: raises $0.15 to $0.25
64e2c007: folds
Uncalled bet ($0.15) returned to b33b78fc
*** SHOWDOWN ***
b33b78fc collected $0.2 from pot
*** SUMMARY ***
Total pot $0.2 | Rake $0 | Jackpot $0 | Bingo $0 | Fortune $0 | Tax $0
Seat 1: 64e2c007 (small blind) folded before Flop
Seat 2: b33b78fc (big blind) collected ($0.2)
Seat 3: e7e6e95d folded before Flop (didn't bet)
Seat 4: 1cfc1294 folded before Flop (didn't bet)
Seat 5: 313cb3ef folded before Flop (didn't bet)
Seat 6: Hero (button) folded before Flop (didn't bet)


Poker Hand #HD1762814260: Hold'em No Limit ($0.05/$0.1) - 2024/05/07 19:49:37
Table 'NLHRed12' 6-max Seat #5 is the button
Seat 1: 64e2c007 ($9.29 in chips)
Seat 2: b33b78fc ($12.16 in chips)
Seat 3: e7e6e95d ($13.49 in chips)
Seat 4: 1cfc1294 ($10.47 in chips)
Seat 5: 313cb3ef ($10 in chips)
Seat 6: Hero ($10 in chips)
Hero: posts small blind $0.05
64e2c007: posts big blind $0.1
*** HOLE CARDS ***
Dealt to 64e2c007 
Dealt to b33b78fc 
Dealt to e7e6e95d 
Dealt to 1cfc1294 
Dealt to 313cb3ef 
Dealt to Hero [Ts As]
b33b78fc: folds
e7e6e95d: raises $0.2 to $0.3
1cfc1294: folds
313cb3ef: raises $0.5 to $0.8
Hero: folds
64e2c007: folds
e7e6e95d: folds
Uncalled bet ($0.5) returned to 313cb3ef
*** SHOWDOWN ***
313cb3ef collected $0.72 from pot
*** SUMMARY ***
Total pot $0.75 | Rake $0.03 | Jackpot $0 | Bingo $0 | Fortune $0 | Tax $0
Seat 1: 64e2c007 (big blind) folded before Flop
Seat 2: b33b78fc folded before Flop (didn't bet)
Seat 3: e7e6e95d folded before Flop
Seat 4: 1cfc1294 folded before Flop (didn't bet)
Seat 5: 313cb3ef (button) collected ($0.72)
Seat 6: Hero (small blind) folded before Flop


Poker Hand #HD1762814154: Hold'em No Limit ($0.05/$0.1) - 2024/05/07 19:48:47
Table 'NLHRed12' 6-max Seat #4 is the button
Seat 1: 64e2c007 ($9.01 in chips)
Seat 2: b33b78fc ($12.16 in chips)
Seat 3: e7e6e95d ($13.49 in chips)
Seat 4: 1cfc1294 ($10.47 in chips)
Seat 5: 313cb3ef ($10 in chips)
Seat 6: Hero ($10 in chips)
313cb3ef: posts small blind $0.05
Hero: posts big blind $0.1
*** HOLE CARDS ***
Dealt to 64e2c007 
Dealt to b33b78fc 
Dealt to e7e6e95d 
Dealt to 1cfc1294 
Dealt to 313cb3ef 
Dealt to Hero [Ad 2s]
64e2c007: raises $0.1 to $0.2
b33b78fc: folds
e7e6e95d: folds
1cfc1294: folds
313cb3ef: calls $0.15
Hero: folds
*** FLOP *** [Jc 3d 6c]
313cb3ef: checks
64e2c007: bets $0.25
313cb3ef: folds
Uncalled bet ($0.25) returned to 64e2c007
*** SHOWDOWN ***
64e2c007 collected $0.48 from pot
*** SUMMARY ***
Total pot $0.5 | Rake $0.02 | Jackpot $0 | Bingo $0 | Fortune $0 | Tax $0
Board [Jc 3d 6c]
Seat 1: 64e2c007 won ($0.48)
Seat 2: b33b78fc folded before Flop (didn't bet)
Seat 3: e7e6e95d folded before Flop (didn't bet)
Seat 4: 1cfc1294 (button) folded before Flop (didn't bet)
Seat 5: 313cb3ef (small blind) folded on the Flop
Seat 6: Hero (big blind) folded before Flop


Poker Hand #HD1762814087: Hold'em No Limit ($0.05/$0.1) - 2024/05/07 19:48:16
Table 'NLHRed12' 6-max Seat #3 is the button
Seat 1: 64e2c007 ($9.01 in chips)
Seat 2: b33b78fc ($12.01 in chips)
Seat 3: e7e6e95d ($13.49 in chips)
Seat 4: 1cfc1294 ($10.52 in chips)
Seat 5: 313cb3ef ($10 in chips)
Seat 6: Hero ($10 in chips)
1cfc1294: posts small blind $0.05
313cb3ef: posts big blind $0.1
*** HOLE CARDS ***
Dealt to 64e2c007 
Dealt to b33b78fc 
Dealt to e7e6e95d 
Dealt to 1cfc1294 
Dealt to 313cb3ef 
Dealt to Hero [3h 8h]
Hero: folds
64e2c007: folds
b33b78fc: raises $0.15 to $0.25
e7e6e95d: folds
1cfc1294: folds
313cb3ef: folds
Uncalled bet ($0.15) returned to b33b78fc
*** SHOWDOWN ***
b33b78fc collected $0.25 from pot
*** SUMMARY ***
Total pot $0.25 | Rake $0 | Jackpot $0 | Bingo $0 | Fortune $0 | Tax $0
Seat 1: 64e2c007 folded before Flop (didn't bet)
Seat 2: b33b78fc collected ($0.25)
Seat 3: e7e6e95d (button) folded before Flop (didn't bet)
Seat 4: 1cfc1294 (small blind) folded before Flop
Seat 5: 313cb3ef (big blind) folded before Flop
Seat 6: Hero folded before Flop (didn't bet)


Poker Hand #HD1762814026: Hold'em No Limit ($0.05/$0.1) - 2024/05/07 19:47:52
Table 'NLHRed12' 6-max Seat #2 is the button
Seat 1: 64e2c007 ($9.01 in chips)
Seat 2: b33b78fc ($12.01 in chips)
Seat 3: e7e6e95d ($13.54 in chips)
Seat 4: 1cfc1294 ($10.47 in chips)
Seat 5: 313cb3ef ($10 in chips)
Seat 6: Hero ($10 in chips)
e7e6e95d: posts small blind $0.05
1cfc1294: posts big blind $0.1
*** HOLE CARDS ***
Dealt to 64e2c007 
Dealt to b33b78fc 
Dealt to e7e6e95d 
Dealt to 1cfc1294 
Dealt to 313cb3ef 
Dealt to Hero [7h 6d]
313cb3ef: folds
Hero: folds
64e2c007: folds
b33b78fc: folds
e7e6e95d: folds
Uncalled bet ($0.05) returned to 1cfc1294
*** SHOWDOWN ***
1cfc1294 collected $0.1 from pot
*** SUMMARY ***
Total pot $0.1 | Rake $0 | Jackpot $0 | Bingo $0 | Fortune $0 | Tax $0
Seat 1: 64e2c007 folded before Flop (didn't bet)
Seat 2: b33b78fc (button) folded before Flop (didn't bet)
Seat 3: e7e6e95d (small blind) folded before Flop
Seat 4: 1cfc1294 (big blind) collected ($0.1)
Seat 5: 313cb3ef folded before Flop (didn't bet)
Seat 6: Hero folded before Flop (didn't bet)


Poker Hand #HD1762813932: Hold'em No Limit ($0.05/$0.1) - 2024/05/07 19:47:10
Table 'NLHRed12' 6-max Seat #1 is the button
Seat 1: 64e2c007 ($8.86 in chips)
Seat 2: b33b78fc ($12.06 in chips)
Seat 3: e7e6e95d ($13.64 in chips)
Seat 4: 1cfc1294 ($10.47 in chips)
Seat 5: 313cb3ef ($10 in chips)
Seat 6: Hero ($10 in chips)
b33b78fc: posts small blind $0.05
e7e6e95d: posts big blind $0.1
*** HOLE CARDS ***
Dealt to 64e2c007 
Dealt to b33b78fc 
Dealt to e7e6e95d 
Dealt to 1cfc1294 
Dealt to 313cb3ef 
Dealt to Hero [Th 4s]
1cfc1294: folds
313cb3ef: folds
Hero: folds
64e2c007: raises $0.1 to $0.2
b33b78fc: folds
e7e6e95d: folds
Uncalled bet ($0.1) returned to 64e2c007
*** SHOWDOWN ***
64e2c007 collected $0.25 from pot
*** SUMMARY ***
Total pot $0.25 | Rake $0 | Jackpot $0 | Bingo $0 | Fortune $0 | Tax $0
Seat 1: 64e2c007 (button) collected ($0.25)
Seat 2: b33b78fc (small blind) folded before Flop
Seat 3: e7e6e95d (big blind) folded before Flop
Seat 4: 1cfc1294 folded before Flop (didn't bet)
Seat 5: 313cb3ef folded before Flop (didn't bet)
Seat 6: Hero folded before Flop (didn't bet)


Poker Hand #HD1762813905: Hold'em No Limit ($0.05/$0.1) - 2024/05/07 19:46:56
Table 'NLHRed12' 6-max Seat #6 is the button
Seat 1: 64e2c007 ($8.91 in chips)
Seat 2: b33b78fc ($12.16 in chips)
Seat 3: e7e6e95d ($13.64 in chips)
Seat 4: 1cfc1294 ($10.32 in chips)
Seat 5: 313cb3ef ($10 in chips)
Seat 6: Hero ($10 in chips)
64e2c007: posts small blind $0.05
b33b78fc: posts big blind $0.1
*** HOLE CARDS ***
Dealt to 64e2c007 
Dealt to b33b78fc 
Dealt to e7e6e95d 
Dealt to 1cfc1294 
Dealt to 313cb3ef 
Dealt to Hero [9h Qh]
e7e6e95d: folds
1cfc1294: raises $0.2 to $0.3
313cb3ef: folds
Hero: folds
64e2c007: folds
b33b78fc: folds
Uncalled bet ($0.2) returned to 1cfc1294
*** SHOWDOWN ***
1cfc1294 collected $0.25 from pot
*** SUMMARY ***
Total pot $0.25 | Rake $0 | Jackpot $0 | Bingo $0 | Fortune $0 | Tax $0
Seat 1: 64e2c007 (small blind) folded before Flop
Seat 2: b33b78fc (big blind) folded before Flop
Seat 3: e7e6e95d folded before Flop (didn't bet)
Seat 4: 1cfc1294 collected ($0.25)
Seat 5: 313cb3ef folded before Flop (didn't bet)
Seat 6: Hero (button) folded before Flop (didn't bet)


Poker Hand #HD1762813708: Hold'em No Limit ($0.05/$0.1) - 2024/05/07 19:45:27
Table 'NLHRed12' 6-max Seat #5 is the button
Seat 1: 64e2c007 ($9.01 in chips)
Seat 2: b33b78fc ($12.16 in chips)
Seat 3: e7e6e95d ($10.47 in chips)
Seat 4: 1cfc1294 ($10.32 in chips)
Seat 5: 313cb3ef ($10 in chips)
Seat 6: Hero ($10.46 in chips)
Hero: posts small blind $0.05
64e2c007: posts big blind $0.1
*** HOLE CARDS ***
Dealt to 64e2c007 
Dealt to b33b78fc 
Dealt to e7e6e95d 
Dealt to 1cfc1294 
Dealt to 313cb3ef 
Dealt to Hero [9s 9d]
b33b78fc: folds
e7e6e95d: raises $0.2 to $0.3
1cfc1294: folds
313cb3ef: folds
Hero: raises $0.9 to $1.2
64e2c007: folds
e7e6e95d: raises $0.9 to $2.1
Hero: calls $0.9
*** FLOP *** [6d 5h 4c]
Hero: checks
e7e6e95d: bets $1.42
Hero: calls $1.42
*** TURN *** [6d 5h 4c] [Ks]
Hero: checks
e7e6e95d: bets $6.95 and is all-in
Hero: folds
Uncalled bet ($6.95) returned to e7e6e95d
*** SHOWDOWN ***
e7e6e95d collected $6.69 from pot
*** SUMMARY ***
Total pot $7.14 | Rake $0.35 | Jackpot $0.1 | Bingo $0 | Fortune $0 | Tax $0
Board [6d 5h 4c Ks]
Seat 1: 64e2c007 (big blind) folded before Flop
Seat 2: b33b78fc folded before Flop (didn't bet)
Seat 3: e7e6e95d won ($6.69)
Seat 4: 1cfc1294 folded before Flop (didn't bet)
Seat 5: 313cb3ef (button) folded before Flop (didn't bet)
Seat 6: Hero (small blind) folded on the Turn


Poker Hand #HD1762813662: Hold'em No Limit ($0.05/$0.1) - 2024/05/07 19:45:04
Table 'NLHRed12' 6-max Seat #4 is the button
Seat 1: 64e2c007 ($8.86 in chips)
Seat 2: b33b78fc ($12.16 in chips)
Seat 3: e7e6e95d ($10.47 in chips)
Seat 4: 1cfc1294 ($10.32 in chips)
Seat 5: 313cb3ef ($10 in chips)
Seat 6: Hero ($10.56 in chips)
313cb3ef: posts small blind $0.05
Hero: posts big blind $0.1
*** HOLE CARDS ***
Dealt to 64e2c007 
Dealt to b33b78fc 
Dealt to e7e6e95d 
Dealt to 1cfc1294 
Dealt to 313cb3ef 
Dealt to Hero [3c 2d]
64e2c007: raises $0.1 to $0.2
b33b78fc: folds
e7e6e95d: folds
1cfc1294: folds
313cb3ef: folds
Hero: folds
Uncalled bet ($0.1) returned to 64e2c007
*** SHOWDOWN ***
64e2c007 collected $0.25 from pot
*** SUMMARY ***
Total pot $0.25 | Rake $0 | Jackpot $0 | Bingo $0 | Fortune $0 | Tax $0
Seat 1: 64e2c007 collected ($0.25)
Seat 2: b33b78fc folded before Flop (didn't bet)
Seat 3: e7e6e95d folded before Flop (didn't bet)
Seat 4: 1cfc1294 (button) folded before Flop (didn't bet)
Seat 5: 313cb3ef (small blind) folded before Flop
Seat 6: Hero (big blind) folded before Flop


Poker Hand #HD1762813615: Hold'em No Limit ($0.05/$0.1) - 2024/05/07 19:44:46
Table 'NLHRed12' 6-max Seat #3 is the button
Seat 1: 64e2c007 ($8.86 in chips)
Seat 2: b33b78fc ($12.16 in chips)
Seat 3: e7e6e95d ($10.32 in chips)
Seat 4: 1cfc1294 ($10.37 in chips)
Seat 5: 313cb3ef ($10 in chips)
Seat 6: Hero ($10.56 in chips)
1cfc1294: posts small blind $0.05
313cb3ef: posts big blind $0.1
*** HOLE CARDS ***
Dealt to 64e2c007 
Dealt to b33b78fc 
Dealt to e7e6e95d 
Dealt to 1cfc1294 
Dealt to 313cb3ef 
Dealt to Hero [6h 7s]
Hero: folds
64e2c007: folds
b33b78fc: folds
e7e6e95d: raises $0.2 to $0.3
1cfc1294: folds
313cb3ef: folds
Uncalled bet ($0.2) returned to e7e6e95d
*** SHOWDOWN ***
e7e6e95d collected $0.25 from pot
*** SUMMARY ***
Total pot $0.25 | Rake $0 | Jackpot $0 | Bingo $0 | Fortune $0 | Tax $0
Seat 1: 64e2c007 folded before Flop (didn't bet)
Seat 2: b33b78fc folded before Flop (didn't bet)
Seat 3: e7e6e95d (button) collected ($0.25)
Seat 4: 1cfc1294 (small blind) folded before Flop
Seat 5: 313cb3ef (big blind) folded before Flop
Seat 6: Hero folded before Flop (didn't bet)


Poker Hand #HD1762813596: Hold'em No Limit ($0.05/$0.1) - 2024/05/07 19:44:34
Table 'NLHRed12' 6-max Seat #2 is the button
Seat 1: 64e2c007 ($8.86 in chips)
Seat 2: b33b78fc ($12.16 in chips)
Seat 3: e7e6e95d ($10.37 in chips)
Seat 4: 1cfc1294 ($10.32 in chips)
Seat 6: Hero ($10.56 in chips)
e7e6e95d: posts small blind $0.05
1cfc1294: posts big blind $0.1
*** HOLE CARDS ***
Dealt to 64e2c007 
Dealt to b33b78fc 
Dealt to e7e6e95d 
Dealt to 1cfc1294 
Dealt to Hero [4c 2c]
Hero: folds
64e2c007: folds
b33b78fc: folds
e7e6e95d: folds
Uncalled bet ($0.05) returned to 1cfc1294
*** SHOWDOWN ***
1cfc1294 collected $0.1 from pot
*** SUMMARY ***
Total pot $0.1 | Rake $0 | Jackpot $0 | Bingo $0 | Fortune $0 | Tax $0
Seat 1: 64e2c007 folded before Flop (didn't bet)
Seat 2: b33b78fc (button) folded before Flop (didn't bet)
Seat 3: e7e6e95d (small blind) folded before Flop
Seat 4: 1cfc1294 (big blind) collected ($0.1)
Seat 6: Hero folded before Flop (didn't bet)


Poker Hand #HD1762813516: Hold'em No Limit ($0.05/$0.1) - 2024/05/07 19:44:00
Table 'NLHRed12' 6-max Seat #1 is the button
Seat 1: 64e2c007 ($8.44 in chips)
Seat 2: b33b78fc ($12.21 in chips)
Seat 3: e7e6e95d ($10.47 in chips)
Seat 4: 1cfc1294 ($10.62 in chips)
Seat 6: Hero ($10.56 in chips)
b33b78fc: posts small blind $0.05
e7e6e95d: posts big blind $0.1
*** HOLE CARDS ***
Dealt to 64e2c007 
Dealt to b33b78fc 
Dealt to e7e6e95d 
Dealt to 1cfc1294 
Dealt to Hero [4c 4s]
1cfc1294: raises $0.2 to $0.3
Hero: folds
64e2c007: calls $0.3
b33b78fc: folds
e7e6e95d: folds
*** FLOP *** [9d 9s Td]
1cfc1294: checks
64e2c007: bets $0.38
1cfc1294: folds
Uncalled bet ($0.38) returned to 64e2c007
*** SHOWDOWN ***
64e2c007 collected $0.72 from pot
*** SUMMARY ***
Total pot $0.75 | Rake $0.03 | Jackpot $0 | Bingo $0 | Fortune $0 | Tax $0
Board [9d 9s Td]
Seat 1: 64e2c007 (button) won ($0.72)
Seat 2: b33b78fc (small blind) folded before Flop
Seat 3: e7e6e95d (big blind) folded before Flop
Seat 4: 1cfc1294 folded on the Flop
Seat 6: Hero folded before Flop (didn't bet)


Poker Hand #HD1762813360: Hold'em No Limit ($0.05/$0.1) - 2024/05/07 19:42:50
Table 'NLHRed12' 6-max Seat #6 is the button
Seat 1: 64e2c007 ($9.27 in chips)
Seat 2: b33b78fc ($11.46 in chips)
Seat 3: e7e6e95d ($10.47 in chips)
Seat 4: 1cfc1294 ($10.62 in chips)
Seat 6: Hero ($10.56 in chips)
64e2c007: posts small blind $0.05
b33b78fc: posts big blind $0.1
*** HOLE CARDS ***
Dealt to 64e2c007 
Dealt to b33b78fc 
Dealt to e7e6e95d 
Dealt to 1cfc1294 
Dealt to Hero [Qd 4d]
e7e6e95d: folds
1cfc1294: folds
Hero: folds
64e2c007: raises $0.1 to $0.2
b33b78fc: raises $0.3 to $0.5
64e2c007: calls $0.3
*** FLOP *** [Qs 5d 8h]
64e2c007: checks
b33b78fc: bets $0.33
64e2c007: calls $0.33
*** TURN *** [Qs 5d 8h] [Th]
64e2c007: checks
b33b78fc: checks
*** RIVER *** [Qs 5d 8h Th] [Tc]
64e2c007: checks
b33b78fc: checks
64e2c007: shows [Kc 4c] (Pair of Tens)
b33b78fc: shows [Ac 5h] (Pair of Tens and Pair of Fives)
*** SHOWDOWN ***
b33b78fc collected $1.58 from pot
*** SUMMARY ***
Total pot $1.66 | Rake $0.08 | Jackpot $0 | Bingo $0 | Fortune $0 | Tax $0
Board [Qs 5d 8h Th Tc]
Seat 1: 64e2c007 (small blind) showed [Kc 4c] and lost with Pair of Tens
Seat 2: b33b78fc (big blind) showed [Ac 5h] and won ($1.58) with Pair of Tens and Pair of Fives
Seat 3: e7e6e95d folded before Flop (didn't bet)
Seat 4: 1cfc1294 folded before Flop (didn't bet)
Seat 6: Hero (button) folded before Flop (didn't bet)


Poker Hand #HD1762813114: Hold'em No Limit ($0.05/$0.1) - 2024/05/07 19:40:56
Table 'NLHRed12' 6-max Seat #4 is the button
Seat 1: 64e2c007 ($9.9 in chips)
Seat 2: b33b78fc ($11.46 in chips)
Seat 3: e7e6e95d ($10.47 in chips)
Seat 4: 1cfc1294 ($10 in chips)
Seat 6: Hero ($10.61 in chips)
Hero: posts small blind $0.05
64e2c007: posts big blind $0.1
*** HOLE CARDS ***
Dealt to 64e2c007 
Dealt to b33b78fc 
Dealt to e7e6e95d 
Dealt to 1cfc1294 
Dealt to Hero [6s 3d]
b33b78fc: folds
e7e6e95d: folds
1cfc1294: raises $0.2 to $0.3
Hero: folds
64e2c007: calls $0.2
*** FLOP *** [Qs 4c 7d]
64e2c007: checks
1cfc1294: checks
*** TURN *** [Qs 4c 7d] [4s]
64e2c007: bets $0.33
1cfc1294: calls $0.33
*** RIVER *** [Qs 4c 7d 4s] [6d]
64e2c007: checks
1cfc1294: bets $0.66
64e2c007: folds
Uncalled bet ($0.66) returned to 1cfc1294
*** SHOWDOWN ***
1cfc1294 collected $1.25 from pot
*** SUMMARY ***
Total pot $1.31 | Rake $0.06 | Jackpot $0 | Bingo $0 | Fortune $0 | Tax $0
Board [Qs 4c 7d 4s 6d]
Seat 1: 64e2c007 (big blind) folded on the River
Seat 2: b33b78fc folded before Flop (didn't bet)
Seat 3: e7e6e95d folded before Flop (didn't bet)
Seat 4: 1cfc1294 (button) won ($1.25)
Seat 6: Hero (small blind) folded before Flop


Poker Hand #HD1762813084: Hold'em No Limit ($0.05/$0.1) - 2024/05/07 19:40:40
Table 'NLHRed12' 6-max Seat #3 is the button
Seat 1: 64e2c007 ($9.9 in chips)
Seat 2: b33b78fc ($11.46 in chips)
Seat 3: e7e6e95d ($10.32 in chips)
Seat 4: 1cfc1294 ($10.05 in chips)
Seat 6: Hero ($10.71 in chips)
1cfc1294: posts small blind $0.05
Hero: posts big blind $0.1
*** HOLE CARDS ***
Dealt to 64e2c007 
Dealt to b33b78fc 
Dealt to e7e6e95d 
Dealt to 1cfc1294 
Dealt to Hero [7d 8c]
64e2c007: folds
b33b78fc: folds
e7e6e95d: raises $0.15 to $0.25
1cfc1294: folds
Hero: folds
Uncalled bet ($0.15) returned to e7e6e95d
*** SHOWDOWN ***
e7e6e95d collected $0.25 from pot
*** SUMMARY ***
Total pot $0.25 | Rake $0 | Jackpot $0 | Bingo $0 | Fortune $0 | Tax $0
Seat 1: 64e2c007 folded before Flop (didn't bet)
Seat 2: b33b78fc folded before Flop (didn't bet)
Seat 3: e7e6e95d (button) collected ($0.25)
Seat 4: 1cfc1294 (small blind) folded before Flop
Seat 6: Hero (big blind) folded before Flop


Poker Hand #HD1762813058: Hold'em No Limit ($0.05/$0.1) - 2024/05/07 19:40:27
Table 'NLHRed12' 6-max Seat #2 is the button
Seat 1: 64e2c007 ($9.9 in chips)
Seat 2: b33b78fc ($11.46 in chips)
Seat 3: e7e6e95d ($10.37 in chips)
Seat 4: 1cfc1294 ($10 in chips)
Seat 6: Hero ($10.71 in chips)
e7e6e95d: posts small blind $0.05
1cfc1294: posts big blind $0.1
*** HOLE CARDS ***
Dealt to 64e2c007 
Dealt to b33b78fc 
Dealt to e7e6e95d 
Dealt to 1cfc1294 
Dealt to Hero [7h 5d]
Hero: folds
64e2c007: folds
b33b78fc: folds
e7e6e95d: folds
Uncalled bet ($0.05) returned to 1cfc1294
*** SHOWDOWN ***
1cfc1294 collected $0.1 from pot
*** SUMMARY ***
Total pot $0.1 | Rake $0 | Jackpot $0 | Bingo $0 | Fortune $0 | Tax $0
Seat 1: 64e2c007 folded before Flop (didn't bet)
Seat 2: b33b78fc (button) folded before Flop (didn't bet)
Seat 3: e7e6e95d (small blind) folded before Flop
Seat 4: 1cfc1294 (big blind) collected ($0.1)
Seat 6: Hero folded before Flop (didn't bet)


Poker Hand #HD1762813017: Hold'em No Limit ($0.05/$0.1) - 2024/05/07 19:40:10
Table 'NLHRed12' 6-max Seat #1 is the button
Seat 1: 64e2c007 ($9.75 in chips)
Seat 2: b33b78fc ($11.51 in chips)
Seat 3: e7e6e95d ($10.47 in chips)
Seat 6: Hero ($10.71 in chips)
b33b78fc: posts small blind $0.05
e7e6e95d: posts big blind $0.1
*** HOLE CARDS ***
Dealt to 64e2c007 
Dealt to b33b78fc 
Dealt to e7e6e95d 
Dealt to Hero [5s Js]
Hero: folds
64e2c007: raises $0.1 to $0.2
b33b78fc: folds
e7e6e95d: folds
Uncalled bet ($0.1) returned to 64e2c007
*** SHOWDOWN ***
64e2c007 collected $0.25 from pot
*** SUMMARY ***
Total pot $0.25 | Rake $0 | Jackpot $0 | Bingo $0 | Fortune $0 | Tax $0
Seat 1: 64e2c007 (button) collected ($0.25)
Seat 2: b33b78fc (small blind) folded before Flop
Seat 3: e7e6e95d (big blind) folded before Flop
Seat 6: Hero folded before Flop (didn't bet)


Poker Hand #HD1762812986: Hold'em No Limit ($0.05/$0.1) - 2024/05/07 19:39:53
Table 'NLHRed12' 6-max Seat #6 is the button
Seat 1: 64e2c007 ($9.65 in chips)
Seat 2: b33b78fc ($11.61 in chips)
Seat 3: e7e6e95d ($10.47 in chips)
Seat 6: Hero ($10.71 in chips)
64e2c007: posts small blind $0.05
b33b78fc: posts big blind $0.1
*** HOLE CARDS ***
Dealt to 64e2c007 
Dealt to b33b78fc 
Dealt to e7e6e95d 
Dealt to Hero [4s 3d]
e7e6e95d: folds
Hero: folds
64e2c007: raises $0.1 to $0.2
b33b78fc: folds
Uncalled bet ($0.1) returned to 64e2c007
*** SHOWDOWN ***
64e2c007 collected $0.2 from pot
*** SUMMARY ***
Total pot $0.2 | Rake $0 | Jackpot $0 | Bingo $0 | Fortune $0 | Tax $0
Seat 1: 64e2c007 (small blind) collected ($0.2)
Seat 2: b33b78fc (big blind) folded before Flop
Seat 3: e7e6e95d folded before Flop (didn't bet)
Seat 6: Hero (button) folded before Flop (didn't bet)


Poker Hand #HD1762812863: Hold'em No Limit ($0.05/$0.1) - 2024/05/07 19:38:59
Table 'NLHRed12' 6-max Seat #3 is the button
Seat 1: 64e2c007 ($9.12 in chips)
Seat 2: b33b78fc ($12.14 in chips)
Seat 3: e7e6e95d ($10.47 in chips)
Seat 6: Hero ($10.76 in chips)
Hero: posts small blind $0.05
64e2c007: posts big blind $0.1
*** HOLE CARDS ***
Dealt to 64e2c007 
Dealt to b33b78fc 
Dealt to e7e6e95d 
Dealt to Hero [4s 4c]
b33b78fc: raises $0.15 to $0.25
e7e6e95d: folds
Hero: folds
64e2c007: calls $0.15
*** FLOP *** [Ad 7h 4d]
64e2c007: checks
b33b78fc: bets $0.28
64e2c007: calls $0.28
*** TURN *** [Ad 7h 4d] [6s]
64e2c007: checks
b33b78fc: checks
*** RIVER *** [Ad 7h 4d 6s] [7d]
64e2c007: bets $1.11
b33b78fc: folds
Uncalled bet ($1.11) returned to 64e2c007
*** SHOWDOWN ***
64e2c007 collected $1.06 from pot
*** SUMMARY ***
Total pot $1.11 | Rake $0.05 | Jackpot $0 | Bingo $0 | Fortune $0 | Tax $0
Board [Ad 7h 4d 6s 7d]
Seat 1: 64e2c007 (big blind) won ($1.06)
Seat 2: b33b78fc folded on the River
Seat 3: e7e6e95d (button) folded before Flop (didn't bet)
Seat 6: Hero (small blind) folded before Flop


Poker Hand #HD1762812826: Hold'em No Limit ($0.05/$0.1) - 2024/05/07 19:38:41
Table 'NLHRed12' 6-max Seat #2 is the button
Seat 1: 64e2c007 ($9.12 in chips)
Seat 2: b33b78fc ($12.14 in chips)
Seat 3: e7e6e95d ($10.52 in chips)
Seat 6: Hero ($10.71 in chips)
e7e6e95d: posts small blind $0.05
Hero: posts big blind $0.1
*** HOLE CARDS ***
Dealt to 64e2c007 
Dealt to b33b78fc 
Dealt to e7e6e95d 
Dealt to Hero [7c Jh]
64e2c007: folds
b33b78fc: folds
e7e6e95d: folds
Uncalled bet ($0.05) returned to Hero
*** SHOWDOWN ***
Hero collected $0.1 from pot
*** SUMMARY ***
Total pot $0.1 | Rake $0 | Jackpot $0 | Bingo $0 | Fortune $0 | Tax $0
Seat 1: 64e2c007 folded before Flop (didn't bet)
Seat 2: b33b78fc (button) folded before Flop (didn't bet)
Seat 3: e7e6e95d (small blind) folded before Flop
Seat 6: Hero (big blind) collected ($0.1)


Poker Hand #HD1762812794: Hold'em No Limit ($0.05/$0.1) - 2024/05/07 19:38:29
Table 'NLHRed12' 6-max Seat #1 is the button
Seat 1: 64e2c007 ($9.12 in chips)
Seat 2: b33b78fc ($12.04 in chips)
Seat 3: e7e6e95d ($10.62 in chips)
Seat 4: a866f7e4 ($13.74 in chips)
Seat 6: Hero ($10.71 in chips)
b33b78fc: posts small blind $0.05
e7e6e95d: posts big blind $0.1
*** HOLE CARDS ***
Dealt to 64e2c007 
Dealt to b33b78fc 
Dealt to e7e6e95d 
Dealt to a866f7e4 
Dealt to Hero [7h 8d]
a866f7e4: folds
Hero: folds
64e2c007: folds
b33b78fc: raises $0.15 to $0.25
e7e6e95d: folds
Uncalled bet ($0.15) returned to b33b78fc
*** SHOWDOWN ***
b33b78fc collected $0.2 from pot
*** SUMMARY ***
Total pot $0.2 | Rake $0 | Jackpot $0 | Bingo $0 | Fortune $0 | Tax $0
Seat 1: 64e2c007 (button) folded before Flop (didn't bet)
Seat 2: b33b78fc (small blind) collected ($0.2)
Seat 3: e7e6e95d (big blind) folded before Flop
Seat 4: a866f7e4 folded before Flop (didn't bet)
Seat 6: Hero folded before Flop (didn't bet)


Poker Hand #HD1762812629: Hold'em No Limit ($0.05/$0.1) - 2024/05/07 19:37:16
Table 'NLHRed12' 6-max Seat #6 is the button
Seat 1: 64e2c007 ($9.8 in chips)
Seat 2: b33b78fc ($12.14 in chips)
Seat 3: e7e6e95d ($10.62 in chips)
Seat 4: a866f7e4 ($13.74 in chips)
Seat 6: Hero ($10 in chips)
64e2c007: posts small blind $0.05
b33b78fc: posts big blind $0.1
*** HOLE CARDS ***
Dealt to 64e2c007 
Dealt to b33b78fc 
Dealt to e7e6e95d 
Dealt to a866f7e4 
Dealt to Hero [Ah Jh]
e7e6e95d: folds
a866f7e4: folds
Hero: raises $0.14 to $0.24
64e2c007: calls $0.19
b33b78fc: folds
*** FLOP *** [3d 2h 3s]
64e2c007: checks
Hero: checks
*** TURN *** [3d 2h 3s] [2c]
64e2c007: bets $0.44
Hero: calls $0.44
*** RIVER *** [3d 2h 3s 2c] [6d]
64e2c007: checks
Hero: checks
64e2c007: shows [9s Qs] (Pair of Treys and Pair of Twos)
Hero: shows [Ah Jh] (Pair of Treys and Pair of Twos)
*** SHOWDOWN ***
Hero collected $1.39 from pot
*** SUMMARY ***
Total pot $1.46 | Rake $0.07 | Jackpot $0 | Bingo $0 | Fortune $0 | Tax $0
Board [3d 2h 3s 2c 6d]
Seat 1: 64e2c007 (small blind) showed [9s Qs] and lost with Pair of Treys and Pair of Twos
Seat 2: b33b78fc (big blind) folded before Flop
Seat 3: e7e6e95d folded before Flop (didn't bet)
Seat 4: a866f7e4 folded before Flop (didn't bet)
Seat 6: Hero (button) showed [Ah Jh] and won ($1.39) with Pair of Treys and Pair of Twos


Poker Hand #HD1762812589: Hold'em No Limit ($0.05/$0.1) - 2024/05/07 19:37:01
Table 'NLHRed12' 6-max Seat #4 is the button
Seat 1: 64e2c007 ($9.75 in chips)
Seat 2: b33b78fc ($12.14 in chips)
Seat 3: e7e6e95d ($10.62 in chips)
Seat 4: a866f7e4 ($13.74 in chips)
Seat 6: Hero ($10.04 in chips)
Hero: posts small blind $0.05
64e2c007: posts big blind $0.1
*** HOLE CARDS ***
Dealt to 64e2c007 
Dealt to b33b78fc 
Dealt to e7e6e95d 
Dealt to a866f7e4 
Dealt to Hero [3c 4s]
b33b78fc: folds
e7e6e95d: folds
a866f7e4: folds
Hero: folds
Uncalled bet ($0.05) returned to 64e2c007
*** SHOWDOWN ***
64e2c007 collected $0.1 from pot
*** SUMMARY ***
Total pot $0.1 | Rake $0 | Jackpot $0 | Bingo $0 | Fortune $0 | Tax $0
Seat 1: 64e2c007 (big blind) collected ($0.1)
Seat 2: b33b78fc folded before Flop (didn't bet)
Seat 3: e7e6e95d folded before Flop (didn't bet)
Seat 4: a866f7e4 (button) folded before Flop (didn't bet)
Seat 6: Hero (small blind) folded before Flop


Poker Hand #HD1762812555: Hold'em No Limit ($0.05/$0.1) - 2024/05/07 19:36:43
Table 'NLHRed12' 6-max Seat #3 is the button
Seat 1: 64e2c007 ($9.75 in chips)
Seat 2: b33b78fc ($12.14 in chips)
Seat 3: e7e6e95d ($10.62 in chips)
Seat 4: a866f7e4 ($13.64 in chips)
Seat 6: Hero ($10.14 in chips)
a866f7e4: posts small blind $0.05
Hero: posts big blind $0.1
*** HOLE CARDS ***
Dealt to 64e2c007 
Dealt to b33b78fc 
Dealt to e7e6e95d 
Dealt to a866f7e4 
Dealt to Hero [6d 4s]
64e2c007: folds
b33b78fc: folds
e7e6e95d: folds
a866f7e4: raises $0.2 to $0.3
Hero: folds
Uncalled bet ($0.2) returned to a866f7e4
*** SHOWDOWN ***
a866f7e4 collected $0.2 from pot
*** SUMMARY ***
Total pot $0.2 | Rake $0 | Jackpot $0 | Bingo $0 | Fortune $0 | Tax $0
Seat 1: 64e2c007 folded before Flop (didn't bet)
Seat 2: b33b78fc folded before Flop (didn't bet)
Seat 3: e7e6e95d (button) folded before Flop (didn't bet)
Seat 4: a866f7e4 (small blind) collected ($0.2)
Seat 6: Hero (big blind) folded before Flop


Poker Hand #HD1762812417: Hold'em No Limit ($0.05/$0.1) - 2024/05/07 19:35:48
Table 'NLHRed12' 6-max Seat #2 is the button
Seat 1: 64e2c007 ($10 in chips)
Seat 2: b33b78fc ($11.77 in chips)
Seat 3: e7e6e95d ($10.67 in chips)
Seat 4: a866f7e4 ($13.74 in chips)
Seat 6: Hero ($10.14 in chips)
e7e6e95d: posts small blind $0.05
a866f7e4: posts big blind $0.1
64e2c007: posts big blind $0.1
*** HOLE CARDS ***
Dealt to 64e2c007 
Dealt to b33b78fc 
Dealt to e7e6e95d 
Dealt to a866f7e4 
Dealt to Hero [5s 3s]
Hero: folds
64e2c007: checks
b33b78fc: raises $0.15 to $0.25
e7e6e95d: folds
a866f7e4: folds
64e2c007: calls $0.15
*** FLOP *** [4d 8d 6s]
64e2c007: checks
b33b78fc: bets $0.22
64e2c007: folds
Uncalled bet ($0.22) returned to b33b78fc
*** SHOWDOWN ***
b33b78fc collected $0.62 from pot
*** SUMMARY ***
Total pot $0.65 | Rake $0.03 | Jackpot $0 | Bingo $0 | Fortune $0 | Tax $0
Board [4d 8d 6s]
Seat 1: 64e2c007 folded on the Flop
Seat 2: b33b78fc (button) won ($0.62)
Seat 3: e7e6e95d (small blind) folded before Flop
Seat 4: a866f7e4 (big blind) folded before Flop
Seat 6: Hero folded before Flop (didn't bet)


Poker Hand #HD1762812366: Hold'em No Limit ($0.05/$0.1) - 2024/05/07 19:35:26
Table 'NLHRed12' 6-max Seat #6 is the button
Seat 2: b33b78fc ($11.82 in chips)
Seat 3: e7e6e95d ($10.62 in chips)
Seat 4: a866f7e4 ($13.74 in chips)
Seat 6: Hero ($10.14 in chips)
b33b78fc: posts small blind $0.05
e7e6e95d: posts big blind $0.1
*** HOLE CARDS ***
Dealt to b33b78fc 
Dealt to e7e6e95d 
Dealt to a866f7e4 
Dealt to Hero [5s Qd]
a866f7e4: folds
Hero: folds
b33b78fc: folds
Uncalled bet ($0.05) returned to e7e6e95d
*** SHOWDOWN ***
e7e6e95d collected $0.1 from pot
*** SUMMARY ***
Total pot $0.1 | Rake $0 | Jackpot $0 | Bingo $0 | Fortune $0 | Tax $0
Seat 2: b33b78fc (small blind) folded before Flop
Seat 3: e7e6e95d (big blind) collected ($0.1)
Seat 4: a866f7e4 folded before Flop (didn't bet)
Seat 6: Hero (button) folded before Flop (didn't bet)


Poker Hand #HD1762812329: Hold'em No Limit ($0.05/$0.1) - 2024/05/07 19:35:07
Table 'NLHRed12' 6-max Seat #4 is the button
Seat 2: b33b78fc ($11.77 in chips)
Seat 3: e7e6e95d ($10.62 in chips)
Seat 4: a866f7e4 ($13.74 in chips)
Seat 6: Hero ($10.19 in chips)
Hero: posts small blind $0.05
b33b78fc: posts big blind $0.1
*** HOLE CARDS ***
Dealt to b33b78fc 
Dealt to e7e6e95d 
Dealt to a866f7e4 
Dealt to Hero [5d 4h]
e7e6e95d: folds
a866f7e4: folds
Hero: folds
Uncalled bet ($0.05) returned to b33b78fc
*** SHOWDOWN ***
b33b78fc collected $0.1 from pot
*** SUMMARY ***
Total pot $0.1 | Rake $0 | Jackpot $0 | Bingo $0 | Fortune $0 | Tax $0
Seat 2: b33b78fc (big blind) collected ($0.1)
Seat 3: e7e6e95d folded before Flop (didn't bet)
Seat 4: a866f7e4 (button) folded before Flop (didn't bet)
Seat 6: Hero (small blind) folded before Flop


Poker Hand #HD1762812285: Hold'em No Limit ($0.05/$0.1) - 2024/05/07 19:34:49
Table 'NLHRed12' 6-max Seat #3 is the button
Seat 1: 10da9081 ($8.38 in chips)
Seat 2: b33b78fc ($11.77 in chips)
Seat 3: e7e6e95d ($10.62 in chips)
Seat 4: a866f7e4 ($13.64 in chips)
Seat 6: Hero ($10.29 in chips)
a866f7e4: posts small blind $0.05
Hero: posts big blind $0.1
*** HOLE CARDS ***
Dealt to 10da9081 
Dealt to b33b78fc 
Dealt to e7e6e95d 
Dealt to a866f7e4 
Dealt to Hero [5c 3h]
10da9081: folds
b33b78fc: folds
e7e6e95d: folds
a866f7e4: raises $0.2 to $0.3
Hero: folds
Uncalled bet ($0.2) returned to a866f7e4
*** SHOWDOWN ***
a866f7e4 collected $0.2 from pot
*** SUMMARY ***
Total pot $0.2 | Rake $0 | Jackpot $0 | Bingo $0 | Fortune $0 | Tax $0
Seat 1: 10da9081 folded before Flop (didn't bet)
Seat 2: b33b78fc folded before Flop (didn't bet)
Seat 3: e7e6e95d (button) folded before Flop (didn't bet)
Seat 4: a866f7e4 (small blind) collected ($0.2)
Seat 6: Hero (big blind) folded before Flop


Poker Hand #HD1762812157: Hold'em No Limit ($0.05/$0.1) - 2024/05/07 19:33:47
Table 'NLHRed12' 6-max Seat #2 is the button
Seat 1: 10da9081 ($8.38 in chips)
Seat 2: b33b78fc ($10 in chips)
Seat 3: e7e6e95d ($10.67 in chips)
Seat 4: a866f7e4 ($15.65 in chips)
Seat 6: Hero ($10.29 in chips)
e7e6e95d: posts small blind $0.05
a866f7e4: posts big blind $0.1
*** HOLE CARDS ***
Dealt to 10da9081 
Dealt to b33b78fc 
Dealt to e7e6e95d 
Dealt to a866f7e4 
Dealt to Hero [2s As]
Hero: folds
10da9081: folds
b33b78fc: raises $0.15 to $0.25
e7e6e95d: folds
a866f7e4: raises $0.95 to $1.2
b33b78fc: calls $0.95
*** FLOP *** [Ah 8s Ac]
a866f7e4: bets $0.81
b33b78fc: raises $1.35 to $2.16
a866f7e4: folds
Uncalled bet ($1.35) returned to b33b78fc
*** SHOWDOWN ***
b33b78fc collected $3.78 from pot
*** SUMMARY ***
Total pot $4.07 | Rake $0.19 | Jackpot $0.1 | Bingo $0 | Fortune $0 | Tax $0
Board [Ah 8s Ac]
Seat 1: 10da9081 folded before Flop (didn't bet)
Seat 2: b33b78fc (button) won ($3.78)
Seat 3: e7e6e95d (small blind) folded before Flop
Seat 4: a866f7e4 (big blind) folded on the Flop
Seat 6: Hero folded before Flop (didn't bet)


Poker Hand #HD1762812109: Hold'em No Limit ($0.05/$0.1) - 2024/05/07 19:33:27
Table 'NLHRed12' 6-max Seat #1 is the button
Seat 1: 10da9081 ($8.38 in chips)
Seat 2: b33b78fc ($10.05 in chips)
Seat 3: e7e6e95d ($10.62 in chips)
Seat 4: a866f7e4 ($15.65 in chips)
Seat 6: Hero ($10.29 in chips)
b33b78fc: posts small blind $0.05
e7e6e95d: posts big blind $0.1
*** HOLE CARDS ***
Dealt to 10da9081 
Dealt to b33b78fc 
Dealt to e7e6e95d 
Dealt to a866f7e4 
Dealt to Hero [Qh 2h]
a866f7e4: folds
Hero: folds
10da9081: folds
b33b78fc: folds
Uncalled bet ($0.05) returned to e7e6e95d
*** SHOWDOWN ***
e7e6e95d collected $0.1 from pot
*** SUMMARY ***
Total pot $0.1 | Rake $0 | Jackpot $0 | Bingo $0 | Fortune $0 | Tax $0
Seat 1: 10da9081 (button) folded before Flop (didn't bet)
Seat 2: b33b78fc (small blind) folded before Flop
Seat 3: e7e6e95d (big blind) collected ($0.1)
Seat 4: a866f7e4 folded before Flop (didn't bet)
Seat 6: Hero folded before Flop (didn't bet)


Poker Hand #HD1762812074: Hold'em No Limit ($0.05/$0.1) - 2024/05/07 19:33:15
Table 'NLHRed12' 6-max Seat #6 is the button
Seat 1: 10da9081 ($8.43 in chips)
Seat 2: b33b78fc ($10 in chips)
Seat 3: e7e6e95d ($10.62 in chips)
Seat 4: a866f7e4 ($15.65 in chips)
Seat 6: Hero ($10.29 in chips)
10da9081: posts small blind $0.05
b33b78fc: posts big blind $0.1
*** HOLE CARDS ***
Dealt to 10da9081 
Dealt to b33b78fc 
Dealt to e7e6e95d 
Dealt to a866f7e4 
Dealt to Hero [2d 4h]
e7e6e95d: folds
a866f7e4: folds
Hero: folds
10da9081: folds
Uncalled bet ($0.05) returned to b33b78fc
*** SHOWDOWN ***
b33b78fc collected $0.1 from pot
*** SUMMARY ***
Total pot $0.1 | Rake $0 | Jackpot $0 | Bingo $0 | Fortune $0 | Tax $0
Seat 1: 10da9081 (small blind) folded before Flop
Seat 2: b33b78fc (big blind) collected ($0.1)
Seat 3: e7e6e95d folded before Flop (didn't bet)
Seat 4: a866f7e4 folded before Flop (didn't bet)
Seat 6: Hero (button) folded before Flop (didn't bet)


Poker Hand #HD1762811937: Hold'em No Limit ($0.05/$0.1) - 2024/05/07 19:32:15
Table 'NLHRed12' 6-max Seat #4 is the button
Seat 1: 10da9081 ($7.9 in chips)
Seat 2: b33b78fc ($10 in chips)
Seat 3: e7e6e95d ($10.62 in chips)
Seat 4: a866f7e4 ($15.65 in chips)
Seat 6: Hero ($10.34 in chips)
Hero: posts small blind $0.05
10da9081: posts big blind $0.1
*** HOLE CARDS ***
Dealt to 10da9081 
Dealt to b33b78fc 
Dealt to e7e6e95d 
Dealt to a866f7e4 
Dealt to Hero [9s 5h]
b33b78fc: raises $0.15 to $0.25
e7e6e95d: folds
a866f7e4: folds
Hero: folds
10da9081: calls $0.15
*** FLOP *** [Qh 3s 8s]
10da9081: checks
b33b78fc: bets $0.28
10da9081: calls $0.28
*** TURN *** [Qh 3s 8s] [7h]
10da9081: checks
b33b78fc: checks
*** RIVER *** [Qh 3s 8s 7h] [Qd]
10da9081: bets $0.85
b33b78fc: folds
Uncalled bet ($0.85) returned to 10da9081
*** SHOWDOWN ***
10da9081 collected $1.06 from pot
*** SUMMARY ***
Total pot $1.11 | Rake $0.05 | Jackpot $0 | Bingo $0 | Fortune $0 | Tax $0
Board [Qh 3s 8s 7h Qd]
Seat 1: 10da9081 (big blind) won ($1.06)
Seat 2: b33b78fc folded on the River
Seat 3: e7e6e95d folded before Flop (didn't bet)
Seat 4: a866f7e4 (button) folded before Flop (didn't bet)
Seat 6: Hero (small blind) folded before Flop


Poker Hand #HD1762811903: Hold'em No Limit ($0.05/$0.1) - 2024/05/07 19:32:00
Table 'NLHRed12' 6-max Seat #3 is the button
Seat 1: 10da9081 ($7.9 in chips)
Seat 2: b33b78fc ($10 in chips)
Seat 3: e7e6e95d ($10.62 in chips)
Seat 4: a866f7e4 ($15.55 in chips)
Seat 6: Hero ($10.44 in chips)
a866f7e4: posts small blind $0.05
Hero: posts big blind $0.1
*** HOLE CARDS ***
Dealt to 10da9081 
Dealt to b33b78fc 
Dealt to e7e6e95d 
Dealt to a866f7e4 
Dealt to Hero [Kh 5h]
10da9081: folds
b33b78fc: folds
e7e6e95d: folds
a866f7e4: raises $0.2 to $0.3
Hero: folds
Uncalled bet ($0.2) returned to a866f7e4
*** SHOWDOWN ***
a866f7e4 collected $0.2 from pot
*** SUMMARY ***
Total pot $0.2 | Rake $0 | Jackpot $0 | Bingo $0 | Fortune $0 | Tax $0
Seat 1: 10da9081 folded before Flop (didn't bet)
Seat 2: b33b78fc folded before Flop (didn't bet)
Seat 3: e7e6e95d (button) folded before Flop (didn't bet)
Seat 4: a866f7e4 (small blind) collected ($0.2)
Seat 6: Hero (big blind) folded before Flop


Poker Hand #HD1762811783: Hold'em No Limit ($0.05/$0.1) - 2024/05/07 19:31:08
Table 'NLHRed12' 6-max Seat #2 is the button
Seat 1: 10da9081 ($7.9 in chips)
Seat 2: b33b78fc ($10 in chips)
Seat 3: e7e6e95d ($10.67 in chips)
Seat 4: a866f7e4 ($14.42 in chips)
Seat 6: Hero ($10.44 in chips)
e7e6e95d: posts small blind $0.05
a866f7e4: posts big blind $0.1
*** HOLE CARDS ***
Dealt to 10da9081 
Dealt to b33b78fc 
Dealt to e7e6e95d 
Dealt to a866f7e4 
Dealt to Hero [5s 7d]
Hero: folds
10da9081: folds
b33b78fc: raises $0.15 to $0.25
e7e6e95d: folds
a866f7e4: raises $0.95 to $1.2
b33b78fc: calls $0.95
*** FLOP *** [Ad Kc 8h]
a866f7e4: bets $0.75
b33b78fc: folds
Uncalled bet ($0.75) returned to a866f7e4
*** SHOWDOWN ***
a866f7e4 collected $2.33 from pot
*** SUMMARY ***
Total pot $2.45 | Rake $0.12 | Jackpot $0 | Bingo $0 | Fortune $0 | Tax $0
Board [Ad Kc 8h]
Seat 1: 10da9081 folded before Flop (didn't bet)
Seat 2: b33b78fc (button) folded on the Flop
Seat 3: e7e6e95d (small blind) folded before Flop
Seat 4: a866f7e4 (big blind) won ($2.33)
Seat 6: Hero folded before Flop (didn't bet)


Poker Hand #HD1762811641: Hold'em No Limit ($0.05/$0.1) - 2024/05/07 19:30:00
Table 'NLHRed12' 6-max Seat #1 is the button
Seat 1: 10da9081 ($7.9 in chips)
Seat 2: b33b78fc ($10.07 in chips)
Seat 3: e7e6e95d ($10.77 in chips)
Seat 4: a866f7e4 ($13.47 in chips)
Seat 6: Hero ($10.44 in chips)
b33b78fc: posts small blind $0.05
e7e6e95d: posts big blind $0.1
*** HOLE CARDS ***
Dealt to 10da9081 
Dealt to b33b78fc 
Dealt to e7e6e95d 
Dealt to a866f7e4 
Dealt to Hero [Ah Ts]
a866f7e4: raises $0.1 to $0.2
Hero: folds
10da9081: folds
b33b78fc: raises $0.25 to $0.45
e7e6e95d: folds
a866f7e4: calls $0.25
*** FLOP *** [4h 8s 7s]
b33b78fc: checks
a866f7e4: checks
*** TURN *** [4h 8s 7s] [5h]
b33b78fc: bets $0.5
a866f7e4: calls $0.5
*** RIVER *** [4h 8s 7s 5h] [Td]
b33b78fc: checks
a866f7e4: checks
b33b78fc: shows [8d 9d] (Pair of Eights)
a866f7e4: shows [7c 7h] (Three Sevens)
*** SHOWDOWN ***
a866f7e4 collected $1.9 from pot
*** SUMMARY ***
Total pot $2 | Rake $0.1 | Jackpot $0 | Bingo $0 | Fortune $0 | Tax $0
Board [4h 8s 7s 5h Td]
Seat 1: 10da9081 (button) folded before Flop (didn't bet)
Seat 2: b33b78fc (small blind) showed [8d 9d] and lost with Pair of Eights
Seat 3: e7e6e95d (big blind) folded before Flop
Seat 4: a866f7e4 showed [7c 7h] and won ($1.9) with Three Sevens
Seat 6: Hero folded before Flop (didn't bet)


Poker Hand #HD1762811560: Hold'em No Limit ($0.05/$0.1) - 2024/05/07 19:29:26
Table 'NLHRed12' 6-max Seat #6 is the button
Seat 1: 10da9081 ($7.81 in chips)
Seat 2: b33b78fc ($10.17 in chips)
Seat 3: e7e6e95d ($10.77 in chips)
Seat 4: a866f7e4 ($13.47 in chips)
Seat 6: Hero ($10.44 in chips)
10da9081: posts small blind $0.05
b33b78fc: posts big blind $0.1
*** HOLE CARDS ***
Dealt to 10da9081 
Dealt to b33b78fc 
Dealt to e7e6e95d 
Dealt to a866f7e4 
Dealt to Hero [5s Qd]
e7e6e95d: folds
a866f7e4: folds
Hero: folds
10da9081: calls $0.05
b33b78fc: checks
*** FLOP *** [Jd Th 2d]
10da9081: checks
b33b78fc: checks
*** TURN *** [Jd Th 2d] [2c]
10da9081: bets $0.15
b33b78fc: folds
Uncalled bet ($0.15) returned to 10da9081
*** SHOWDOWN ***
10da9081 collected $0.19 from pot
*** SUMMARY ***
Total pot $0.2 | Rake $0.01 | Jackpot $0 | Bingo $0 | Fortune $0 | Tax $0
Board [Jd Th 2d 2c]
Seat 1: 10da9081 (small blind) won ($0.19)
Seat 2: b33b78fc (big blind) folded on the Turn
Seat 3: e7e6e95d folded before Flop (didn't bet)
Seat 4: a866f7e4 folded before Flop (didn't bet)
Seat 6: Hero (button) folded before Flop (didn't bet)


Poker Hand #HD1762811407: Hold'em No Limit ($0.05/$0.1) - 2024/05/07 19:28:21
Table 'NLHRed12' 6-max Seat #5 is the button
Seat 1: 10da9081 ($7.91 in chips)
Seat 2: b33b78fc ($10.17 in chips)
Seat 3: e7e6e95d ($10.77 in chips)
Seat 4: a866f7e4 ($10 in chips)
Seat 5: 548355fb ($3.8 in chips)
Seat 6: Hero ($10.49 in chips)
Hero: posts small blind $0.05
10da9081: posts big blind $0.1
*** HOLE CARDS ***
Dealt to 10da9081 
Dealt to b33b78fc 
Dealt to e7e6e95d 
Dealt to a866f7e4 
Dealt to 548355fb 
Dealt to Hero [6h 4d]
b33b78fc: folds
e7e6e95d: folds
a866f7e4: raises $0.15 to $0.25
548355fb: calls $0.25
Hero: folds
10da9081: folds
*** FLOP *** [6d Kh 2s]
a866f7e4: bets $0.33
548355fb: calls $0.33
*** TURN *** [6d Kh 2s] [9h]
a866f7e4: bets $1.31
548355fb: calls $1.31
*** RIVER *** [6d Kh 2s 9h] [Td]
a866f7e4: bets $2.95
548355fb: calls $1.91 and is all-in
Uncalled bet ($1.04) returned to a866f7e4
a866f7e4: shows [Ah Ac] (Pair of Aces)
548355fb: shows [Th Jh] (Pair of Tens)
*** SHOWDOWN ***
a866f7e4 collected $7.27 from pot
*** SUMMARY ***
Total pot $7.75 | Rake $0.38 | Jackpot $0.1 | Bingo $0 | Fortune $0 | Tax $0
Board [6d Kh 2s 9h Td]
Seat 1: 10da9081 (big blind) folded before Flop
Seat 2: b33b78fc folded before Flop (didn't bet)
Seat 3: e7e6e95d folded before Flop (didn't bet)
Seat 4: a866f7e4 showed [Ah Ac] and won ($7.27) with Pair of Aces
Seat 5: 548355fb (button) showed [Th Jh] and lost with Pair of Tens
Seat 6: Hero (small blind) folded before Flop


Poker Hand #HD1762811372: Hold'em No Limit ($0.05/$0.1) - 2024/05/07 19:28:05
Table 'NLHRed12' 6-max Seat #4 is the button
Seat 1: 10da9081 ($7.91 in chips)
Seat 2: b33b78fc ($10.17 in chips)
Seat 3: e7e6e95d ($10.77 in chips)
Seat 4: a866f7e4 ($10 in chips)
Seat 5: 548355fb ($3.7 in chips)
Seat 6: Hero ($10.59 in chips)
548355fb: posts small blind $0.05
Hero: posts big blind $0.1
*** HOLE CARDS ***
Dealt to 10da9081 
Dealt to b33b78fc 
Dealt to e7e6e95d 
Dealt to a866f7e4 
Dealt to 548355fb 
Dealt to Hero [3h 7c]
10da9081: folds
b33b78fc: folds
e7e6e95d: folds
a866f7e4: folds
548355fb: raises $0.2 to $0.3
Hero: folds
Uncalled bet ($0.2) returned to 548355fb
*** SHOWDOWN ***
548355fb collected $0.2 from pot
*** SUMMARY ***
Total pot $0.2 | Rake $0 | Jackpot $0 | Bingo $0 | Fortune $0 | Tax $0
Seat 1: 10da9081 folded before Flop (didn't bet)
Seat 2: b33b78fc folded before Flop (didn't bet)
Seat 3: e7e6e95d folded before Flop (didn't bet)
Seat 4: a866f7e4 (button) folded before Flop (didn't bet)
Seat 5: 548355fb (small blind) collected ($0.2)
Seat 6: Hero (big blind) folded before Flop


Poker Hand #HD1762811276: Hold'em No Limit ($0.05/$0.1) - 2024/05/07 19:27:22
Table 'NLHRed12' 6-max Seat #3 is the button
Seat 1: 10da9081 ($7.91 in chips)
Seat 2: b33b78fc ($10.17 in chips)
Seat 3: e7e6e95d ($10.49 in chips)
Seat 4: a866f7e4 ($10 in chips)
Seat 5: 548355fb ($3.95 in chips)
Seat 6: Hero ($10.59 in chips)
a866f7e4: posts small blind $0.05
548355fb: posts big blind $0.1
*** HOLE CARDS ***
Dealt to 10da9081 
Dealt to b33b78fc 
Dealt to e7e6e95d 
Dealt to a866f7e4 
Dealt to 548355fb 
Dealt to Hero [2h Jd]
Hero: folds
10da9081: folds
b33b78fc: folds
e7e6e95d: raises $0.15 to $0.25
a866f7e4: folds
548355fb: calls $0.15
*** FLOP *** [7s Jc 3c]
548355fb: checks
e7e6e95d: checks
*** TURN *** [7s Jc 3c] [9c]
548355fb: checks
e7e6e95d: checks
*** RIVER *** [7s Jc 3c 9c] [Ac]
548355fb: checks
e7e6e95d: checks
548355fb: shows [2d Kh] (Ace-High)
e7e6e95d: shows [5d Ah] (Pair of Aces)
*** SHOWDOWN ***
e7e6e95d collected $0.53 from pot
*** SUMMARY ***
Total pot $0.55 | Rake $0.02 | Jackpot $0 | Bingo $0 | Fortune $0 | Tax $0
Board [7s Jc 3c 9c Ac]
Seat 1: 10da9081 folded before Flop (didn't bet)
Seat 2: b33b78fc folded before Flop (didn't bet)
Seat 3: e7e6e95d (button) showed [5d Ah] and won ($0.53) with Pair of Aces
Seat 4: a866f7e4 (small blind) folded before Flop
Seat 5: 548355fb (big blind) showed [2d Kh] and lost with Ace-High
Seat 6: Hero folded before Flop (didn't bet)


Poker Hand #HD1762811067: Hold'em No Limit ($0.05/$0.1) - 2024/05/07 19:26:06
Table 'NLHRed12' 6-max Seat #2 is the button
Seat 1: 10da9081 ($8.11 in chips)
Seat 2: b33b78fc ($10.37 in chips)
Seat 3: e7e6e95d ($10.54 in chips)
Seat 4: a866f7e4 ($11.85 in chips)
Seat 5: 548355fb ($1.9 in chips)
Seat 6: Hero ($10.59 in chips)
e7e6e95d: posts small blind $0.05
a866f7e4: posts big blind $0.1
*** HOLE CARDS ***
Dealt to 10da9081 
Dealt to b33b78fc 
Dealt to e7e6e95d 
Dealt to a866f7e4 
Dealt to 548355fb 
Dealt to Hero [Ad 3d]
548355fb: raises $0.1 to $0.2
Hero: folds
10da9081: calls $0.2
b33b78fc: calls $0.2
e7e6e95d: folds
a866f7e4: raises $1.3 to $1.5
548355fb: raises $0.4 to $1.9 and is all-in
10da9081: folds
b33b78fc: folds
a866f7e4: calls $0.4
548355fb: shows [Th 8c]
a866f7e4: shows [Kc Ks]
*** FLOP *** [9d As 7d]
*** TURN *** [9d As 7d] [6s]
*** RIVER *** [9d As 7d 6s] [4h]
*** SHOWDOWN ***
548355fb collected $3.95 from pot
*** SUMMARY ***
Total pot $4.25 | Rake $0.2 | Jackpot $0.1 | Bingo $0 | Fortune $0 | Tax $0
Board [9d As 7d 6s 4h]
Seat 1: 10da9081 folded before Flop
Seat 2: b33b78fc (button) folded before Flop
Seat 3: e7e6e95d (small blind) folded before Flop
Seat 4: a866f7e4 (big blind) showed [Kc Ks] and lost with Pair of Kings
Seat 5: 548355fb showed [Th 8c] and won ($3.95) with Tens-High Straight
Seat 6: Hero folded before Flop (didn't bet)


Poker Hand #HD1762811019: Hold'em No Limit ($0.05/$0.1) - 2024/05/07 19:25:41
Table 'NLHRed12' 6-max Seat #1 is the button
Seat 1: 10da9081 ($8.31 in chips)
Seat 2: b33b78fc ($10 in chips)
Seat 3: e7e6e95d ($10.64 in chips)
Seat 4: a866f7e4 ($11.85 in chips)
Seat 5: 548355fb ($2 in chips)
Seat 6: Hero ($10.59 in chips)
b33b78fc: posts small blind $0.05
e7e6e95d: posts big blind $0.1
548355fb: posts big blind $0.1
*** HOLE CARDS ***
Dealt to 10da9081 
Dealt to b33b78fc 
Dealt to e7e6e95d 
Dealt to a866f7e4 
Dealt to 548355fb 
Dealt to Hero [Ah 5d]
a866f7e4: folds
548355fb: checks
Hero: folds
10da9081: raises $0.1 to $0.2
b33b78fc: raises $0.45 to $0.65
e7e6e95d: folds
548355fb: folds
10da9081: folds
Uncalled bet ($0.45) returned to b33b78fc
*** SHOWDOWN ***
b33b78fc collected $0.57 from pot
*** SUMMARY ***
Total pot $0.6 | Rake $0.03 | Jackpot $0 | Bingo $0 | Fortune $0 | Tax $0
Seat 1: 10da9081 (button) folded before Flop
Seat 2: b33b78fc (small blind) collected ($0.57)
Seat 3: e7e6e95d (big blind) folded before Flop
Seat 4: a866f7e4 folded before Flop (didn't bet)
Seat 5: 548355fb folded before Flop
Seat 6: Hero folded before Flop (didn't bet)


Poker Hand #HD1762810915: Hold'em No Limit ($0.05/$0.1) - 2024/05/07 19:24:58
Table 'NLHRed12' 6-max Seat #6 is the button
Seat 1: 10da9081 ($8.86 in chips)
Seat 2: b33b78fc ($10 in chips)
Seat 3: e7e6e95d ($10.64 in chips)
Seat 4: a866f7e4 ($11.85 in chips)
Seat 6: Hero ($10 in chips)
10da9081: posts small blind $0.05
b33b78fc: posts big blind $0.1
*** HOLE CARDS ***
Dealt to 10da9081 
Dealt to b33b78fc 
Dealt to e7e6e95d 
Dealt to a866f7e4 
Dealt to Hero [Ks Kh]
e7e6e95d: folds
a866f7e4: folds
Hero: raises $0.14 to $0.24
10da9081: raises $0.31 to $0.55
b33b78fc: folds
Hero: raises $1.2 to $1.75
10da9081: folds
Uncalled bet ($1.2) returned to Hero
*** SHOWDOWN ***
Hero collected $1.14 from pot
*** SUMMARY ***
Total pot $1.2 | Rake $0.06 | Jackpot $0 | Bingo $0 | Fortune $0 | Tax $0
Seat 1: 10da9081 (small blind) folded before Flop
Seat 2: b33b78fc (big blind) folded before Flop
Seat 3: e7e6e95d folded before Flop (didn't bet)
Seat 4: a866f7e4 folded before Flop (didn't bet)
Seat 6: Hero (button) collected ($1.14)


Poker Hand #HD1762810885: Hold'em No Limit ($0.05/$0.1) - 2024/05/07 19:24:48
Table 'NLHRed12' 6-max Seat #4 is the button
Seat 1: 10da9081 ($8.81 in chips)
Seat 3: e7e6e95d ($10.64 in chips)
Seat 4: a866f7e4 ($11.85 in chips)
Seat 6: Hero ($10.05 in chips)
Hero: posts small blind $0.05
10da9081: posts big blind $0.1
*** HOLE CARDS ***
Dealt to 10da9081 
Dealt to e7e6e95d 
Dealt to a866f7e4 
Dealt to Hero [9h Ts]
e7e6e95d: folds
a866f7e4: folds
Hero: folds
Uncalled bet ($0.05) returned to 10da9081
*** SHOWDOWN ***
10da9081 collected $0.1 from pot
*** SUMMARY ***
Total pot $0.1 | Rake $0 | Jackpot $0 | Bingo $0 | Fortune $0 | Tax $0
Seat 1: 10da9081 (big blind) collected ($0.1)
Seat 3: e7e6e95d folded before Flop (didn't bet)
Seat 4: a866f7e4 (button) folded before Flop (didn't bet)
Seat 6: Hero (small blind) folded before Flop


Poker Hand #HD1762810862: Hold'em No Limit ($0.05/$0.1) - 2024/05/07 19:24:38
Table 'NLHRed12' 6-max Seat #3 is the button
Seat 1: 10da9081 ($8.81 in chips)
Seat 3: e7e6e95d ($10.64 in chips)
Seat 4: a866f7e4 ($11.9 in chips)
Seat 6: Hero ($10 in chips)
a866f7e4: posts small blind $0.05
Hero: posts big blind $0.1
*** HOLE CARDS ***
Dealt to 10da9081 
Dealt to e7e6e95d 
Dealt to a866f7e4 
Dealt to Hero [5s Th]
10da9081: folds
e7e6e95d: folds
a866f7e4: folds
Uncalled bet ($0.05) returned to Hero
*** SHOWDOWN ***
Hero collected $0.1 from pot
*** SUMMARY ***
Total pot $0.1 | Rake $0 | Jackpot $0 | Bingo $0 | Fortune $0 | Tax $0
Seat 1: 10da9081 folded before Flop (didn't bet)
Seat 3: e7e6e95d (button) folded before Flop (didn't bet)
Seat 4: a866f7e4 (small blind) folded before Flop
Seat 6: Hero (big blind) collected ($0.1)


