Poker Hand #HD1773502438: Hold'em No Limit ($0.05/$0.1) - 2024/05/15 12:32:16
Table 'NLHRed109' 6-max Seat #2 is the button
Seat 1: d44823cc ($7.82 in chips)
Seat 2: Hero ($14.34 in chips)
Seat 3: d161f56 ($13.99 in chips)
Seat 4: 28c9ed16 ($11.54 in chips)
Seat 5: a7bce0c6 ($2.53 in chips)
Seat 6: 19eeadb9 ($18.34 in chips)
d161f56: posts small blind $0.05
28c9ed16: posts big blind $0.1
*** HOLE CARDS ***
Dealt to d44823cc 
Dealt to Hero [9h 4s]
Dealt to d161f56 
Dealt to 28c9ed16 
Dealt to a7bce0c6 
Dealt to 19eeadb9 
a7bce0c6: folds
19eeadb9: folds
d44823cc: raises $0.1 to $0.2
Hero: folds
d161f56: folds
28c9ed16: calls $0.1
*** FLOP *** [Ks 6d Qs]
28c9ed16: checks
d44823cc: checks
*** TURN *** [Ks 6d Qs] [9d]
28c9ed16: checks
d44823cc: bets $0.15
28c9ed16: folds
Uncalled bet ($0.15) returned to d44823cc
*** SHOWDOWN ***
d44823cc collected $0.43 from pot
*** SUMMARY ***
Total pot $0.45 | Rake $0.02 | Jackpot $0 | Bingo $0 | Fortune $0 | Tax $0
Board [Ks 6d Qs 9d]
Seat 1: d44823cc won ($0.43)
Seat 2: Hero (button) folded before Flop (didn't bet)
Seat 3: d161f56 (small blind) folded before Flop
Seat 4: 28c9ed16 (big blind) folded on the Turn
Seat 5: a7bce0c6 folded before Flop (didn't bet)
Seat 6: 19eeadb9 folded before Flop (didn't bet)


Poker Hand #HD1773502408: Hold'em No Limit ($0.05/$0.1) - 2024/05/15 12:31:57
Table 'NLHRed109' 6-max Seat #1 is the button
Seat 1: d44823cc ($7.82 in chips)
Seat 2: Hero ($14.39 in chips)
Seat 3: d161f56 ($13.94 in chips)
Seat 4: 28c9ed16 ($11.54 in chips)
Seat 5: a7bce0c6 ($2.53 in chips)
Seat 6: 19eeadb9 ($18.34 in chips)
Hero: posts small blind $0.05
d161f56: posts big blind $0.1
*** HOLE CARDS ***
Dealt to d44823cc 
Dealt to Hero [Qh 2c]
Dealt to d161f56 
Dealt to 28c9ed16 
Dealt to a7bce0c6 
Dealt to 19eeadb9 
28c9ed16: folds
a7bce0c6: folds
19eeadb9: folds
d44823cc: folds
Hero: folds
Uncalled bet ($0.05) returned to d161f56
*** SHOWDOWN ***
d161f56 collected $0.1 from pot
*** SUMMARY ***
Total pot $0.1 | Rake $0 | Jackpot $0 | Bingo $0 | Fortune $0 | Tax $0
Seat 1: d44823cc (button) folded before Flop (didn't bet)
Seat 2: Hero (small blind) folded before Flop
Seat 3: d161f56 (big blind) collected ($0.1)
Seat 4: 28c9ed16 folded before Flop (didn't bet)
Seat 5: a7bce0c6 folded before Flop (didn't bet)
Seat 6: 19eeadb9 folded before Flop (didn't bet)


Poker Hand #HD1773502385: Hold'em No Limit ($0.05/$0.1) - 2024/05/15 12:31:42
Table 'NLHRed109' 6-max Seat #6 is the button
Seat 1: d44823cc ($7.87 in chips)
Seat 2: Hero ($14.49 in chips)
Seat 3: d161f56 ($13.79 in chips)
Seat 4: 28c9ed16 ($11.54 in chips)
Seat 5: a7bce0c6 ($2.53 in chips)
Seat 6: 19eeadb9 ($18.34 in chips)
d44823cc: posts small blind $0.05
Hero: posts big blind $0.1
*** HOLE CARDS ***
Dealt to d44823cc 
Dealt to Hero [Qc 6h]
Dealt to d161f56 
Dealt to 28c9ed16 
Dealt to a7bce0c6 
Dealt to 19eeadb9 
d161f56: raises $0.12 to $0.22
28c9ed16: folds
a7bce0c6: folds
19eeadb9: folds
d44823cc: folds
Hero: folds
Uncalled bet ($0.12) returned to d161f56
*** SHOWDOWN ***
d161f56 collected $0.25 from pot
*** SUMMARY ***
Total pot $0.25 | Rake $0 | Jackpot $0 | Bingo $0 | Fortune $0 | Tax $0
Seat 1: d44823cc (small blind) folded before Flop
Seat 2: Hero (big blind) folded before Flop
Seat 3: d161f56 collected ($0.25)
Seat 4: 28c9ed16 folded before Flop (didn't bet)
Seat 5: a7bce0c6 folded before Flop (didn't bet)
Seat 6: 19eeadb9 (button) folded before Flop (didn't bet)


Poker Hand #HD1773502285: Hold'em No Limit ($0.05/$0.1) - 2024/05/15 12:30:36
Table 'NLHRed109' 6-max Seat #5 is the button
Seat 1: d44823cc ($7.5 in chips)
Seat 2: Hero ($14.84 in chips)
Seat 3: d161f56 ($13.79 in chips)
Seat 4: 28c9ed16 ($11.54 in chips)
Seat 5: a7bce0c6 ($2.53 in chips)
Seat 6: 19eeadb9 ($18.39 in chips)
19eeadb9: posts small blind $0.05
d44823cc: posts big blind $0.1
*** HOLE CARDS ***
Dealt to d44823cc 
Dealt to Hero [8s As]
Dealt to d161f56 
Dealt to 28c9ed16 
Dealt to a7bce0c6 
Dealt to 19eeadb9 
Hero: raises $0.1 to $0.2
d161f56: folds
28c9ed16: folds
a7bce0c6: folds
19eeadb9: folds
d44823cc: calls $0.1
*** FLOP *** [8d Kd 9d]
d44823cc: checks
Hero: checks
*** TURN *** [8d Kd 9d] [7c]
d44823cc: bets $0.15
Hero: calls $0.15
*** RIVER *** [8d Kd 9d 7c] [2s]
d44823cc: checks
Hero: checks
d44823cc: shows [8h Kc] (Pair of Kings and Pair of Eights)
Hero: shows [8s As] (Pair of Eights)
*** SHOWDOWN ***
d44823cc collected $0.72 from pot
*** SUMMARY ***
Total pot $0.75 | Rake $0.03 | Jackpot $0 | Bingo $0 | Fortune $0 | Tax $0
Board [8d Kd 9d 7c 2s]
Seat 1: d44823cc (big blind) showed [8h Kc] and won ($0.72) with Pair of Kings and Pair of Eights
Seat 2: Hero showed [8s As] and lost with Pair of Eights
Seat 3: d161f56 folded before Flop (didn't bet)
Seat 4: 28c9ed16 folded before Flop (didn't bet)
Seat 5: a7bce0c6 (button) folded before Flop (didn't bet)
Seat 6: 19eeadb9 (small blind) folded before Flop


Poker Hand #HD1773502264: Hold'em No Limit ($0.05/$0.1) - 2024/05/15 12:30:23
Table 'NLHRed109' 6-max Seat #4 is the button
Seat 1: d44823cc ($7.5 in chips)
Seat 2: Hero ($14.69 in chips)
Seat 3: d161f56 ($13.79 in chips)
Seat 4: 28c9ed16 ($11.54 in chips)
Seat 5: a7bce0c6 ($2.58 in chips)
Seat 6: 19eeadb9 ($18.49 in chips)
a7bce0c6: posts small blind $0.05
19eeadb9: posts big blind $0.1
*** HOLE CARDS ***
Dealt to d44823cc 
Dealt to Hero [Ad Th]
Dealt to d161f56 
Dealt to 28c9ed16 
Dealt to a7bce0c6 
Dealt to 19eeadb9 
d44823cc: folds
Hero: raises $0.1 to $0.2
d161f56: folds
28c9ed16: folds
a7bce0c6: folds
19eeadb9: folds
Uncalled bet ($0.1) returned to Hero
*** SHOWDOWN ***
Hero collected $0.25 from pot
*** SUMMARY ***
Total pot $0.25 | Rake $0 | Jackpot $0 | Bingo $0 | Fortune $0 | Tax $0
Seat 1: d44823cc folded before Flop (didn't bet)
Seat 2: Hero collected ($0.25)
Seat 3: d161f56 folded before Flop (didn't bet)
Seat 4: 28c9ed16 (button) folded before Flop (didn't bet)
Seat 5: a7bce0c6 (small blind) folded before Flop
Seat 6: 19eeadb9 (big blind) folded before Flop


Poker Hand #HD1773502207: Hold'em No Limit ($0.05/$0.1) - 2024/05/15 12:29:46
Table 'NLHRed109' 6-max Seat #3 is the button
Seat 1: d44823cc ($7.5 in chips)
Seat 2: Hero ($14.69 in chips)
Seat 3: d161f56 ($13.49 in chips)
Seat 4: 28c9ed16 ($11.76 in chips)
Seat 5: a7bce0c6 ($2.68 in chips)
Seat 6: 19eeadb9 ($18.49 in chips)
28c9ed16: posts small blind $0.05
a7bce0c6: posts big blind $0.1
*** HOLE CARDS ***
Dealt to d44823cc 
Dealt to Hero [8c 7s]
Dealt to d161f56 
Dealt to 28c9ed16 
Dealt to a7bce0c6 
Dealt to 19eeadb9 
19eeadb9: folds
d44823cc: folds
Hero: folds
d161f56: raises $0.12 to $0.22
28c9ed16: calls $0.17
a7bce0c6: folds
*** FLOP *** [9d 7d Tc]
28c9ed16: checks
d161f56: bets $0.18
28c9ed16: folds
Uncalled bet ($0.18) returned to d161f56
*** SHOWDOWN ***
d161f56 collected $0.52 from pot
*** SUMMARY ***
Total pot $0.54 | Rake $0.02 | Jackpot $0 | Bingo $0 | Fortune $0 | Tax $0
Board [9d 7d Tc]
Seat 1: d44823cc folded before Flop (didn't bet)
Seat 2: Hero folded before Flop (didn't bet)
Seat 3: d161f56 (button) won ($0.52)
Seat 4: 28c9ed16 (small blind) folded on the Flop
Seat 5: a7bce0c6 (big blind) folded before Flop
Seat 6: 19eeadb9 folded before Flop (didn't bet)


Poker Hand #HD1773502188: Hold'em No Limit ($0.05/$0.1) - 2024/05/15 12:29:32
Table 'NLHRed109' 6-max Seat #2 is the button
Seat 1: d44823cc ($7.5 in chips)
Seat 2: Hero ($14.69 in chips)
Seat 3: d161f56 ($13.54 in chips)
Seat 4: 28c9ed16 ($11.86 in chips)
Seat 5: a7bce0c6 ($2.68 in chips)
Seat 6: 19eeadb9 ($18.34 in chips)
d161f56: posts small blind $0.05
28c9ed16: posts big blind $0.1
*** HOLE CARDS ***
Dealt to d44823cc 
Dealt to Hero [5h 8c]
Dealt to d161f56 
Dealt to 28c9ed16 
Dealt to a7bce0c6 
Dealt to 19eeadb9 
a7bce0c6: folds
19eeadb9: raises $0.12 to $0.22
d44823cc: folds
Hero: folds
d161f56: folds
28c9ed16: folds
Uncalled bet ($0.12) returned to 19eeadb9
*** SHOWDOWN ***
19eeadb9 collected $0.25 from pot
*** SUMMARY ***
Total pot $0.25 | Rake $0 | Jackpot $0 | Bingo $0 | Fortune $0 | Tax $0
Seat 1: d44823cc folded before Flop (didn't bet)
Seat 2: Hero (button) folded before Flop (didn't bet)
Seat 3: d161f56 (small blind) folded before Flop
Seat 4: 28c9ed16 (big blind) folded before Flop
Seat 5: a7bce0c6 folded before Flop (didn't bet)
Seat 6: 19eeadb9 collected ($0.25)


Poker Hand #HD1773502107: Hold'em No Limit ($0.05/$0.1) - 2024/05/15 12:28:37
Table 'NLHRed109' 6-max Seat #1 is the button
Seat 1: d44823cc ($7.9 in chips)
Seat 2: Hero ($14.23 in chips)
Seat 3: d161f56 ($13.64 in chips)
Seat 4: 28c9ed16 ($11.86 in chips)
Seat 5: a7bce0c6 ($2.68 in chips)
Seat 6: 19eeadb9 ($18.34 in chips)
Hero: posts small blind $0.05
d161f56: posts big blind $0.1
*** HOLE CARDS ***
Dealt to d44823cc 
Dealt to Hero [As Js]
Dealt to d161f56 
Dealt to 28c9ed16 
Dealt to a7bce0c6 
Dealt to 19eeadb9 
28c9ed16: folds
a7bce0c6: folds
19eeadb9: folds
d44823cc: calls $0.1
Hero: raises $0.3 to $0.4
d161f56: folds
d44823cc: calls $0.3
*** FLOP *** [9d 2s Jh]
Hero: bets $0.3
d44823cc: folds
Uncalled bet ($0.3) returned to Hero
*** SHOWDOWN ***
Hero collected $0.86 from pot
*** SUMMARY ***
Total pot $0.9 | Rake $0.04 | Jackpot $0 | Bingo $0 | Fortune $0 | Tax $0
Board [9d 2s Jh]
Seat 1: d44823cc (button) folded on the Flop
Seat 2: Hero (small blind) won ($0.86)
Seat 3: d161f56 (big blind) folded before Flop
Seat 4: 28c9ed16 folded before Flop (didn't bet)
Seat 5: a7bce0c6 folded before Flop (didn't bet)
Seat 6: 19eeadb9 folded before Flop (didn't bet)


Poker Hand #HD1773502055: Hold'em No Limit ($0.05/$0.1) - 2024/05/15 12:27:58
Table 'NLHRed109' 6-max Seat #6 is the button
Seat 1: d44823cc ($7.95 in chips)
Seat 2: Hero ($13.98 in chips)
Seat 3: d161f56 ($13.64 in chips)
Seat 4: 28c9ed16 ($11.86 in chips)
Seat 5: a7bce0c6 ($2.68 in chips)
Seat 6: 19eeadb9 ($18.56 in chips)
d44823cc: posts small blind $0.05
Hero: posts big blind $0.1
*** HOLE CARDS ***
Dealt to d44823cc 
Dealt to Hero [Qh Td]
Dealt to d161f56 
Dealt to 28c9ed16 
Dealt to a7bce0c6 
Dealt to 19eeadb9 
d161f56: folds
28c9ed16: folds
a7bce0c6: folds
19eeadb9: raises $0.12 to $0.22
d44823cc: folds
Hero: calls $0.12
*** FLOP *** [Jd 6c 3d]
Hero: checks
19eeadb9: checks
*** TURN *** [Jd 6c 3d] [9h]
Hero: bets $0.3
19eeadb9: folds
Uncalled bet ($0.3) returned to Hero
*** SHOWDOWN ***
Hero collected $0.47 from pot
*** SUMMARY ***
Total pot $0.49 | Rake $0.02 | Jackpot $0 | Bingo $0 | Fortune $0 | Tax $0
Board [Jd 6c 3d 9h]
Seat 1: d44823cc (small blind) folded before Flop
Seat 2: Hero (big blind) won ($0.47)
Seat 3: d161f56 folded before Flop (didn't bet)
Seat 4: 28c9ed16 folded before Flop (didn't bet)
Seat 5: a7bce0c6 folded before Flop (didn't bet)
Seat 6: 19eeadb9 (button) folded on the Turn


Poker Hand #HD1773501993: Hold'em No Limit ($0.05/$0.1) - 2024/05/15 12:27:19
Table 'NLHRed109' 6-max Seat #5 is the button
Seat 1: d44823cc ($6.69 in chips)
Seat 2: Hero ($13.98 in chips)
Seat 3: d161f56 ($13.64 in chips)
Seat 4: 28c9ed16 ($11.86 in chips)
Seat 5: a7bce0c6 ($2.68 in chips)
Seat 6: 19eeadb9 ($19.96 in chips)
19eeadb9: posts small blind $0.05
d44823cc: posts big blind $0.1
*** HOLE CARDS ***
Dealt to d44823cc 
Dealt to Hero [Tc 4h]
Dealt to d161f56 
Dealt to 28c9ed16 
Dealt to a7bce0c6 
Dealt to 19eeadb9 
Hero: folds
d161f56: folds
28c9ed16: folds
a7bce0c6: folds
19eeadb9: raises $0.18 to $0.28
d44823cc: calls $0.18
*** FLOP *** [3h Kh 8d]
19eeadb9: checks
d44823cc: checks
*** TURN *** [3h Kh 8d] [3s]
19eeadb9: bets $0.42
d44823cc: calls $0.42
*** RIVER *** [3h Kh 8d 3s] [3d]
19eeadb9: checks
d44823cc: bets $0.7
19eeadb9: calls $0.7
d44823cc: shows [Ks 7s] (Treys Full over Kings)
19eeadb9: shows [Jh 8h] (Treys Full over Eights)
*** SHOWDOWN ***
d44823cc collected $2.66 from pot
*** SUMMARY ***
Total pot $2.8 | Rake $0.14 | Jackpot $0 | Bingo $0 | Fortune $0 | Tax $0
Board [3h Kh 8d 3s 3d]
Seat 1: d44823cc (big blind) showed [Ks 7s] and won ($2.66) with Treys Full over Kings
Seat 2: Hero folded before Flop (didn't bet)
Seat 3: d161f56 folded before Flop (didn't bet)
Seat 4: 28c9ed16 folded before Flop (didn't bet)
Seat 5: a7bce0c6 (button) folded before Flop (didn't bet)
Seat 6: 19eeadb9 (small blind) showed [Jh 8h] and lost with Treys Full over Eights


Poker Hand #HD1773501944: Hold'em No Limit ($0.05/$0.1) - 2024/05/15 12:26:50
Table 'NLHRed109' 6-max Seat #4 is the button
Seat 1: d44823cc ($6.69 in chips)
Seat 2: Hero ($13.98 in chips)
Seat 3: d161f56 ($13.39 in chips)
Seat 4: 28c9ed16 ($11.86 in chips)
Seat 5: a7bce0c6 ($2.73 in chips)
Seat 6: 19eeadb9 ($20.18 in chips)
a7bce0c6: posts small blind $0.05
19eeadb9: posts big blind $0.1
*** HOLE CARDS ***
Dealt to d44823cc 
Dealt to Hero [Ts Jd]
Dealt to d161f56 
Dealt to 28c9ed16 
Dealt to a7bce0c6 
Dealt to 19eeadb9 
d44823cc: folds
Hero: folds
d161f56: raises $0.12 to $0.22
28c9ed16: folds
a7bce0c6: folds
19eeadb9: calls $0.12
*** FLOP *** [Qd 9d Qc]
19eeadb9: checks
d161f56: bets $0.17
19eeadb9: folds
Uncalled bet ($0.17) returned to d161f56
*** SHOWDOWN ***
d161f56 collected $0.47 from pot
*** SUMMARY ***
Total pot $0.49 | Rake $0.02 | Jackpot $0 | Bingo $0 | Fortune $0 | Tax $0
Board [Qd 9d Qc]
Seat 1: d44823cc folded before Flop (didn't bet)
Seat 2: Hero folded before Flop (didn't bet)
Seat 3: d161f56 won ($0.47)
Seat 4: 28c9ed16 (button) folded before Flop (didn't bet)
Seat 5: a7bce0c6 (small blind) folded before Flop
Seat 6: 19eeadb9 (big blind) folded on the Flop


Poker Hand #HD1773501928: Hold'em No Limit ($0.05/$0.1) - 2024/05/15 12:26:33
Table 'NLHRed109' 6-max Seat #3 is the button
Seat 1: d44823cc ($6.69 in chips)
Seat 2: Hero ($13.98 in chips)
Seat 3: d161f56 ($13.24 in chips)
Seat 4: 28c9ed16 ($11.91 in chips)
Seat 5: a7bce0c6 ($2.83 in chips)
Seat 6: 19eeadb9 ($20.18 in chips)
28c9ed16: posts small blind $0.05
a7bce0c6: posts big blind $0.1
*** HOLE CARDS ***
Dealt to d44823cc 
Dealt to Hero [6d 8s]
Dealt to d161f56 
Dealt to 28c9ed16 
Dealt to a7bce0c6 
Dealt to 19eeadb9 
19eeadb9: folds
d44823cc: folds
Hero: folds
d161f56: raises $0.12 to $0.22
28c9ed16: folds
a7bce0c6: folds
Uncalled bet ($0.12) returned to d161f56
*** SHOWDOWN ***
d161f56 collected $0.25 from pot
*** SUMMARY ***
Total pot $0.25 | Rake $0 | Jackpot $0 | Bingo $0 | Fortune $0 | Tax $0
Seat 1: d44823cc folded before Flop (didn't bet)
Seat 2: Hero folded before Flop (didn't bet)
Seat 3: d161f56 (button) collected ($0.25)
Seat 4: 28c9ed16 (small blind) folded before Flop
Seat 5: a7bce0c6 (big blind) folded before Flop
Seat 6: 19eeadb9 folded before Flop (didn't bet)


Poker Hand #HD1773501889: Hold'em No Limit ($0.05/$0.1) - 2024/05/15 12:26:06
Table 'NLHRed109' 6-max Seat #2 is the button
Seat 1: d44823cc ($6.69 in chips)
Seat 2: Hero ($15.01 in chips)
Seat 3: d161f56 ($12.21 in chips)
Seat 4: 28c9ed16 ($12.01 in chips)
Seat 5: a7bce0c6 ($2.83 in chips)
Seat 6: 19eeadb9 ($20.18 in chips)
d161f56: posts small blind $0.05
28c9ed16: posts big blind $0.1
*** HOLE CARDS ***
Dealt to d44823cc 
Dealt to Hero [Jd Jc]
Dealt to d161f56 
Dealt to 28c9ed16 
Dealt to a7bce0c6 
Dealt to 19eeadb9 
a7bce0c6: folds
19eeadb9: folds
d44823cc: folds
Hero: raises $0.14 to $0.24
d161f56: raises $0.79 to $1.03
28c9ed16: folds
Hero: calls $0.79
*** FLOP *** [Ac Qd 3d]
d161f56: bets $1.62
Hero: folds
Uncalled bet ($1.62) returned to d161f56
*** SHOWDOWN ***
d161f56 collected $2.06 from pot
*** SUMMARY ***
Total pot $2.16 | Rake $0.1 | Jackpot $0 | Bingo $0 | Fortune $0 | Tax $0
Board [Ac Qd 3d]
Seat 1: d44823cc folded before Flop (didn't bet)
Seat 2: Hero (button) folded on the Flop
Seat 3: d161f56 (small blind) won ($2.06)
Seat 4: 28c9ed16 (big blind) folded before Flop
Seat 5: a7bce0c6 folded before Flop (didn't bet)
Seat 6: 19eeadb9 folded before Flop (didn't bet)


Poker Hand #HD1773501856: Hold'em No Limit ($0.05/$0.1) - 2024/05/15 12:25:43
Table 'NLHRed109' 6-max Seat #1 is the button
Seat 1: d44823cc ($6.69 in chips)
Seat 2: Hero ($15.06 in chips)
Seat 3: d161f56 ($12.16 in chips)
Seat 4: 28c9ed16 ($12.01 in chips)
Seat 5: a7bce0c6 ($2.83 in chips)
Seat 6: 19eeadb9 ($20.18 in chips)
Hero: posts small blind $0.05
d161f56: posts big blind $0.1
*** HOLE CARDS ***
Dealt to d44823cc 
Dealt to Hero [4c 3h]
Dealt to d161f56 
Dealt to 28c9ed16 
Dealt to a7bce0c6 
Dealt to 19eeadb9 
28c9ed16: folds
a7bce0c6: folds
19eeadb9: folds
d44823cc: folds
Hero: folds
Uncalled bet ($0.05) returned to d161f56
*** SHOWDOWN ***
d161f56 collected $0.1 from pot
*** SUMMARY ***
Total pot $0.1 | Rake $0 | Jackpot $0 | Bingo $0 | Fortune $0 | Tax $0
Seat 1: d44823cc (button) folded before Flop (didn't bet)
Seat 2: Hero (small blind) folded before Flop
Seat 3: d161f56 (big blind) collected ($0.1)
Seat 4: 28c9ed16 folded before Flop (didn't bet)
Seat 5: a7bce0c6 folded before Flop (didn't bet)
Seat 6: 19eeadb9 folded before Flop (didn't bet)


Poker Hand #HD1773501842: Hold'em No Limit ($0.05/$0.1) - 2024/05/15 12:25:32
Table 'NLHRed109' 6-max Seat #6 is the button
Seat 1: d44823cc ($6.74 in chips)
Seat 2: Hero ($15.16 in chips)
Seat 3: d161f56 ($12.01 in chips)
Seat 4: 28c9ed16 ($12.01 in chips)
Seat 5: a7bce0c6 ($2.83 in chips)
Seat 6: 19eeadb9 ($20.18 in chips)
d44823cc: posts small blind $0.05
Hero: posts big blind $0.1
*** HOLE CARDS ***
Dealt to d44823cc 
Dealt to Hero [6h Qh]
Dealt to d161f56 
Dealt to 28c9ed16 
Dealt to a7bce0c6 
Dealt to 19eeadb9 
d161f56: raises $0.12 to $0.22
28c9ed16: folds
a7bce0c6: folds
19eeadb9: folds
d44823cc: folds
Hero: folds
Uncalled bet ($0.12) returned to d161f56
*** SHOWDOWN ***
d161f56 collected $0.25 from pot
*** SUMMARY ***
Total pot $0.25 | Rake $0 | Jackpot $0 | Bingo $0 | Fortune $0 | Tax $0
Seat 1: d44823cc (small blind) folded before Flop
Seat 2: Hero (big blind) folded before Flop
Seat 3: d161f56 collected ($0.25)
Seat 4: 28c9ed16 folded before Flop (didn't bet)
Seat 5: a7bce0c6 folded before Flop (didn't bet)
Seat 6: 19eeadb9 (button) folded before Flop (didn't bet)


Poker Hand #HD1773501776: Hold'em No Limit ($0.05/$0.1) - 2024/05/15 12:24:45
Table 'NLHRed109' 6-max Seat #5 is the button
Seat 1: d44823cc ($6.84 in chips)
Seat 2: Hero ($15.16 in chips)
Seat 3: d161f56 ($12.01 in chips)
Seat 4: 28c9ed16 ($12.23 in chips)
Seat 5: a7bce0c6 ($2.84 in chips)
Seat 6: 19eeadb9 ($20.23 in chips)
19eeadb9: posts small blind $0.05
d44823cc: posts big blind $0.1
*** HOLE CARDS ***
Dealt to d44823cc 
Dealt to Hero [7s 2s]
Dealt to d161f56 
Dealt to 28c9ed16 
Dealt to a7bce0c6 
Dealt to 19eeadb9 
Hero: folds
d161f56: raises $0.12 to $0.22
28c9ed16: calls $0.22
a7bce0c6: raises $0.61 to $0.83
19eeadb9: folds
d44823cc: folds
d161f56: raises $2.75 to $3.58
28c9ed16: folds
a7bce0c6: calls $2.01 and is all-in
Uncalled bet ($0.74) returned to d161f56
d161f56: shows [Kd Ad]
a7bce0c6: shows [Kc As]
*** FLOP *** [Kh 5d Ah]
*** TURN *** [Kh 5d Ah] [8h]
*** RIVER *** [Kh 5d Ah 8h] [6s]
*** SHOWDOWN ***
d161f56 collected $2.84 from pot
a7bce0c6 collected $2.83 from pot
*** SUMMARY ***
Total pot $6.05 | Rake $0.28 | Jackpot $0.1 | Bingo $0 | Fortune $0 | Tax $0
Board [Kh 5d Ah 8h 6s]
Seat 1: d44823cc (big blind) folded before Flop
Seat 2: Hero folded before Flop (didn't bet)
Seat 3: d161f56 showed [Kd Ad] and won ($2.84) with Pair of Aces and Pair of Kings
Seat 4: 28c9ed16 folded before Flop
Seat 5: a7bce0c6 (button) showed [Kc As] and won ($2.83) with Pair of Aces and Pair of Kings
Seat 6: 19eeadb9 (small blind) folded before Flop


Poker Hand #HD1773501745: Hold'em No Limit ($0.05/$0.1) - 2024/05/15 12:24:24
Table 'NLHRed109' 6-max Seat #4 is the button
Seat 1: d44823cc ($7.04 in chips)
Seat 2: Hero ($15.16 in chips)
Seat 3: d161f56 ($12.01 in chips)
Seat 4: 28c9ed16 ($12.23 in chips)
Seat 5: a7bce0c6 ($2.89 in chips)
Seat 6: 19eeadb9 ($20 in chips)
a7bce0c6: posts small blind $0.05
19eeadb9: posts big blind $0.1
*** HOLE CARDS ***
Dealt to d44823cc 
Dealt to Hero [3h Qs]
Dealt to d161f56 
Dealt to 28c9ed16 
Dealt to a7bce0c6 
Dealt to 19eeadb9 
d44823cc: raises $0.1 to $0.2
Hero: folds
d161f56: folds
28c9ed16: folds
a7bce0c6: folds
19eeadb9: calls $0.1
*** FLOP *** [2c Kd As]
19eeadb9: checks
d44823cc: checks
*** TURN *** [2c Kd As] [7h]
19eeadb9: bets $0.34
d44823cc: folds
Uncalled bet ($0.34) returned to 19eeadb9
*** SHOWDOWN ***
19eeadb9 collected $0.43 from pot
*** SUMMARY ***
Total pot $0.45 | Rake $0.02 | Jackpot $0 | Bingo $0 | Fortune $0 | Tax $0
Board [2c Kd As 7h]
Seat 1: d44823cc folded on the Turn
Seat 2: Hero folded before Flop (didn't bet)
Seat 3: d161f56 folded before Flop (didn't bet)
Seat 4: 28c9ed16 (button) folded before Flop (didn't bet)
Seat 5: a7bce0c6 (small blind) folded before Flop
Seat 6: 19eeadb9 (big blind) won ($0.43)


Poker Hand #HD1773501546: Hold'em No Limit ($0.05/$0.1) - 2024/05/15 12:22:06
Table 'NLHRed109' 6-max Seat #3 is the button
Seat 1: d44823cc ($9.29 in chips)
Seat 2: Hero ($15.16 in chips)
Seat 3: d161f56 ($12.01 in chips)
Seat 4: 28c9ed16 ($10.2 in chips)
Seat 5: a7bce0c6 ($2.99 in chips)
Seat 6: 19eeadb9 ($20 in chips)
28c9ed16: posts small blind $0.05
a7bce0c6: posts big blind $0.1
*** HOLE CARDS ***
Dealt to d44823cc 
Dealt to Hero [7c 3c]
Dealt to d161f56 
Dealt to 28c9ed16 
Dealt to a7bce0c6 
Dealt to 19eeadb9 
19eeadb9: folds
d44823cc: raises $0.1 to $0.2
Hero: folds
d161f56: folds
28c9ed16: raises $0.45 to $0.65
a7bce0c6: folds
d44823cc: calls $0.45
*** FLOP *** [Ad 7s 8c]
28c9ed16: bets $0.55
d44823cc: calls $0.55
*** TURN *** [Ad 7s 8c] [Kh]
28c9ed16: checks
d44823cc: checks
*** RIVER *** [Ad 7s 8c Kh] [5c]
28c9ed16: bets $1.05
d44823cc: calls $1.05
28c9ed16: shows [Jd Ah] (Pair of Aces)
d44823cc: shows [3d Kd] (Pair of Kings)
*** SHOWDOWN ***
28c9ed16 collected $4.28 from pot
*** SUMMARY ***
Total pot $4.6 | Rake $0.22 | Jackpot $0.1 | Bingo $0 | Fortune $0 | Tax $0
Board [Ad 7s 8c Kh 5c]
Seat 1: d44823cc showed [3d Kd] and lost with Pair of Kings
Seat 2: Hero folded before Flop (didn't bet)
Seat 3: d161f56 (button) folded before Flop (didn't bet)
Seat 4: 28c9ed16 (small blind) showed [Jd Ah] and won ($4.28) with Pair of Aces
Seat 5: a7bce0c6 (big blind) folded before Flop
Seat 6: 19eeadb9 folded before Flop (didn't bet)


Poker Hand #HD1773501530: Hold'em No Limit ($0.05/$0.1) - 2024/05/15 12:21:47
Table 'NLHRed109' 6-max Seat #2 is the button
Seat 1: d44823cc ($9.39 in chips)
Seat 2: Hero ($14.92 in chips)
Seat 3: d161f56 ($12.06 in chips)
Seat 4: 28c9ed16 ($10.3 in chips)
Seat 5: a7bce0c6 ($2.99 in chips)
Seat 6: 19eeadb9 ($20 in chips)
d161f56: posts small blind $0.05
28c9ed16: posts big blind $0.1
*** HOLE CARDS ***
Dealt to d44823cc 
Dealt to Hero [7c Ac]
Dealt to d161f56 
Dealt to 28c9ed16 
Dealt to a7bce0c6 
Dealt to 19eeadb9 
a7bce0c6: folds
19eeadb9: folds
d44823cc: calls $0.1
Hero: raises $0.3 to $0.4
d161f56: folds
28c9ed16: folds
d44823cc: folds
Uncalled bet ($0.3) returned to Hero
*** SHOWDOWN ***
Hero collected $0.34 from pot
*** SUMMARY ***
Total pot $0.35 | Rake $0.01 | Jackpot $0 | Bingo $0 | Fortune $0 | Tax $0
Seat 1: d44823cc folded before Flop
Seat 2: Hero (button) collected ($0.34)
Seat 3: d161f56 (small blind) folded before Flop
Seat 4: 28c9ed16 (big blind) folded before Flop
Seat 5: a7bce0c6 folded before Flop (didn't bet)
Seat 6: 19eeadb9 folded before Flop (didn't bet)


Poker Hand #HD1773501506: Hold'em No Limit ($0.05/$0.1) - 2024/05/15 12:21:29
Table 'NLHRed109' 6-max Seat #1 is the button
Seat 1: d44823cc ($9.39 in chips)
Seat 2: Hero ($14.97 in chips)
Seat 3: d161f56 ($12.16 in chips)
Seat 4: 28c9ed16 ($10.3 in chips)
Seat 5: a7bce0c6 ($2.99 in chips)
Seat 6: 19eeadb9 ($19.85 in chips)
Hero: posts small blind $0.05
d161f56: posts big blind $0.1
*** HOLE CARDS ***
Dealt to d44823cc 
Dealt to Hero [3c Th]
Dealt to d161f56 
Dealt to 28c9ed16 
Dealt to a7bce0c6 
Dealt to 19eeadb9 
28c9ed16: folds
a7bce0c6: folds
19eeadb9: raises $0.12 to $0.22
d44823cc: folds
Hero: folds
d161f56: folds
Uncalled bet ($0.12) returned to 19eeadb9
*** SHOWDOWN ***
19eeadb9 collected $0.25 from pot
*** SUMMARY ***
Total pot $0.25 | Rake $0 | Jackpot $0 | Bingo $0 | Fortune $0 | Tax $0
Seat 1: d44823cc (button) folded before Flop (didn't bet)
Seat 2: Hero (small blind) folded before Flop
Seat 3: d161f56 (big blind) folded before Flop
Seat 4: 28c9ed16 folded before Flop (didn't bet)
Seat 5: a7bce0c6 folded before Flop (didn't bet)
Seat 6: 19eeadb9 collected ($0.25)


Poker Hand #HD1773501477: Hold'em No Limit ($0.05/$0.1) - 2024/05/15 12:21:14
Table 'NLHRed109' 6-max Seat #6 is the button
Seat 1: d44823cc ($9.44 in chips)
Seat 2: Hero ($15.07 in chips)
Seat 3: d161f56 ($12.16 in chips)
Seat 4: 28c9ed16 ($10.3 in chips)
Seat 5: a7bce0c6 ($2.99 in chips)
Seat 6: 19eeadb9 ($19.7 in chips)
d44823cc: posts small blind $0.05
Hero: posts big blind $0.1
*** HOLE CARDS ***
Dealt to d44823cc 
Dealt to Hero [Qh 6c]
Dealt to d161f56 
Dealt to 28c9ed16 
Dealt to a7bce0c6 
Dealt to 19eeadb9 
d161f56: folds
28c9ed16: folds
a7bce0c6: folds
19eeadb9: raises $0.12 to $0.22
d44823cc: folds
Hero: folds
Uncalled bet ($0.12) returned to 19eeadb9
*** SHOWDOWN ***
19eeadb9 collected $0.25 from pot
*** SUMMARY ***
Total pot $0.25 | Rake $0 | Jackpot $0 | Bingo $0 | Fortune $0 | Tax $0
Seat 1: d44823cc (small blind) folded before Flop
Seat 2: Hero (big blind) folded before Flop
Seat 3: d161f56 folded before Flop (didn't bet)
Seat 4: 28c9ed16 folded before Flop (didn't bet)
Seat 5: a7bce0c6 folded before Flop (didn't bet)
Seat 6: 19eeadb9 (button) collected ($0.25)


Poker Hand #HD1773501455: Hold'em No Limit ($0.05/$0.1) - 2024/05/15 12:21:01
Table 'NLHRed109' 6-max Seat #5 is the button
Seat 1: d44823cc ($9.39 in chips)
Seat 2: Hero ($15.07 in chips)
Seat 3: d161f56 ($12.16 in chips)
Seat 4: 28c9ed16 ($10.3 in chips)
Seat 5: a7bce0c6 ($2.99 in chips)
Seat 6: 19eeadb9 ($19.75 in chips)
19eeadb9: posts small blind $0.05
d44823cc: posts big blind $0.1
*** HOLE CARDS ***
Dealt to d44823cc 
Dealt to Hero [7c 3h]
Dealt to d161f56 
Dealt to 28c9ed16 
Dealt to a7bce0c6 
Dealt to 19eeadb9 
Hero: folds
d161f56: folds
28c9ed16: folds
a7bce0c6: folds
19eeadb9: folds
Uncalled bet ($0.05) returned to d44823cc
*** SHOWDOWN ***
d44823cc collected $0.1 from pot
*** SUMMARY ***
Total pot $0.1 | Rake $0 | Jackpot $0 | Bingo $0 | Fortune $0 | Tax $0
Seat 1: d44823cc (big blind) collected ($0.1)
Seat 2: Hero folded before Flop (didn't bet)
Seat 3: d161f56 folded before Flop (didn't bet)
Seat 4: 28c9ed16 folded before Flop (didn't bet)
Seat 5: a7bce0c6 (button) folded before Flop (didn't bet)
Seat 6: 19eeadb9 (small blind) folded before Flop


Poker Hand #HD1773501398: Hold'em No Limit ($0.05/$0.1) - 2024/05/15 12:20:20
Table 'NLHRed109' 6-max Seat #4 is the button
Seat 1: d44823cc ($10.29 in chips)
Seat 2: Hero ($15.07 in chips)
Seat 3: d161f56 ($11.2 in chips)
Seat 4: 28c9ed16 ($10.3 in chips)
Seat 5: a7bce0c6 ($3.04 in chips)
Seat 6: 19eeadb9 ($19.85 in chips)
a7bce0c6: posts small blind $0.05
19eeadb9: posts big blind $0.1
*** HOLE CARDS ***
Dealt to d44823cc 
Dealt to Hero [8h Ac]
Dealt to d161f56 
Dealt to 28c9ed16 
Dealt to a7bce0c6 
Dealt to 19eeadb9 
d44823cc: raises $0.2 to $0.3
Hero: folds
d161f56: raises $0.6 to $0.9
28c9ed16: folds
a7bce0c6: folds
19eeadb9: folds
d44823cc: calls $0.6
*** FLOP *** [9s Ks Qs]
d44823cc: checks
d161f56: bets $1.47
d44823cc: folds
Uncalled bet ($1.47) returned to d161f56
*** SHOWDOWN ***
d161f56 collected $1.86 from pot
*** SUMMARY ***
Total pot $1.95 | Rake $0.09 | Jackpot $0 | Bingo $0 | Fortune $0 | Tax $0
Board [9s Ks Qs]
Seat 1: d44823cc folded on the Flop
Seat 2: Hero folded before Flop (didn't bet)
Seat 3: d161f56 won ($1.86)
Seat 4: 28c9ed16 (button) folded before Flop (didn't bet)
Seat 5: a7bce0c6 (small blind) folded before Flop
Seat 6: 19eeadb9 (big blind) folded before Flop


Poker Hand #HD1773501381: Hold'em No Limit ($0.05/$0.1) - 2024/05/15 12:20:08
Table 'NLHRed109' 6-max Seat #3 is the button
Seat 1: d44823cc ($10.14 in chips)
Seat 2: Hero ($15.07 in chips)
Seat 3: d161f56 ($11.2 in chips)
Seat 4: 28c9ed16 ($10.35 in chips)
Seat 5: a7bce0c6 ($3.14 in chips)
Seat 6: 19eeadb9 ($19.85 in chips)
28c9ed16: posts small blind $0.05
a7bce0c6: posts big blind $0.1
*** HOLE CARDS ***
Dealt to d44823cc 
Dealt to Hero [2c 2s]
Dealt to d161f56 
Dealt to 28c9ed16 
Dealt to a7bce0c6 
Dealt to 19eeadb9 
19eeadb9: folds
d44823cc: raises $0.1 to $0.2
Hero: folds
d161f56: folds
28c9ed16: folds
a7bce0c6: folds
Uncalled bet ($0.1) returned to d44823cc
*** SHOWDOWN ***
d44823cc collected $0.25 from pot
*** SUMMARY ***
Total pot $0.25 | Rake $0 | Jackpot $0 | Bingo $0 | Fortune $0 | Tax $0
Seat 1: d44823cc collected ($0.25)
Seat 2: Hero folded before Flop (didn't bet)
Seat 3: d161f56 (button) folded before Flop (didn't bet)
Seat 4: 28c9ed16 (small blind) folded before Flop
Seat 5: a7bce0c6 (big blind) folded before Flop
Seat 6: 19eeadb9 folded before Flop (didn't bet)


Poker Hand #HD1773501317: Hold'em No Limit ($0.05/$0.1) - 2024/05/15 12:19:22
Table 'NLHRed109' 6-max Seat #2 is the button
Seat 1: d44823cc ($10 in chips)
Seat 2: Hero ($15.07 in chips)
Seat 3: d161f56 ($11.25 in chips)
Seat 4: 28c9ed16 ($10.45 in chips)
Seat 5: a7bce0c6 ($3.14 in chips)
Seat 6: 19eeadb9 ($19.85 in chips)
d161f56: posts small blind $0.05
28c9ed16: posts big blind $0.1
d44823cc: posts big blind $0.1
d44823cc: posts missed blind $0.05
*** HOLE CARDS ***
Dealt to d44823cc 
Dealt to Hero [5h 6d]
Dealt to d161f56 
Dealt to 28c9ed16 
Dealt to a7bce0c6 
Dealt to 19eeadb9 
a7bce0c6: folds
19eeadb9: folds
d44823cc: checks
Hero: folds
d161f56: folds
28c9ed16: checks
*** FLOP *** [Js 3c Jh]
28c9ed16: checks
d44823cc: checks
*** TURN *** [Js 3c Jh] [7d]
28c9ed16: checks
d44823cc: checks
*** RIVER *** [Js 3c Jh 7d] [9s]
28c9ed16: checks
d44823cc: checks
28c9ed16: shows [2c Qc] (Pair of Jacks)
d44823cc: shows [7h 4s] (Pair of Jacks and Pair of Sevens)
*** SHOWDOWN ***
d44823cc collected $0.29 from pot
*** SUMMARY ***
Total pot $0.3 | Rake $0.01 | Jackpot $0 | Bingo $0 | Fortune $0 | Tax $0
Board [Js 3c Jh 7d 9s]
Seat 1: d44823cc showed [7h 4s] and won ($0.29) with Pair of Jacks and Pair of Sevens
Seat 2: Hero (button) folded before Flop (didn't bet)
Seat 3: d161f56 (small blind) folded before Flop
Seat 4: 28c9ed16 (big blind) showed [2c Qc] and lost with Pair of Jacks
Seat 5: a7bce0c6 folded before Flop (didn't bet)
Seat 6: 19eeadb9 folded before Flop (didn't bet)


Poker Hand #HD1773501258: Hold'em No Limit ($0.05/$0.1) - 2024/05/15 12:18:38
Table 'NLHRed109' 6-max Seat #6 is the button
Seat 2: Hero ($15.12 in chips)
Seat 3: d161f56 ($11.68 in chips)
Seat 4: 28c9ed16 ($10.45 in chips)
Seat 5: a7bce0c6 ($2.7 in chips)
Seat 6: 19eeadb9 ($19.85 in chips)
Hero: posts small blind $0.05
d161f56: posts big blind $0.1
*** HOLE CARDS ***
Dealt to Hero [Qc 4s]
Dealt to d161f56 
Dealt to 28c9ed16 
Dealt to a7bce0c6 
Dealt to 19eeadb9 
28c9ed16: folds
a7bce0c6: raises $0.1 to $0.2
19eeadb9: folds
Hero: folds
d161f56: calls $0.1
*** FLOP *** [8h 2c 7s]
d161f56: checks
a7bce0c6: checks
*** TURN *** [8h 2c 7s] [Js]
d161f56: bets $0.23
a7bce0c6: calls $0.23
*** RIVER *** [8h 2c 7s Js] [6h]
d161f56: checks
a7bce0c6: checks
d161f56: shows [Jc Qd] (Pair of Jacks)
a7bce0c6: shows [Jd Kh] (Pair of Jacks)
*** SHOWDOWN ***
a7bce0c6 collected $0.87 from pot
*** SUMMARY ***
Total pot $0.91 | Rake $0.04 | Jackpot $0 | Bingo $0 | Fortune $0 | Tax $0
Board [8h 2c 7s Js 6h]
Seat 2: Hero (small blind) folded before Flop
Seat 3: d161f56 (big blind) showed [Jc Qd] and lost with Pair of Jacks
Seat 4: 28c9ed16 folded before Flop (didn't bet)
Seat 5: a7bce0c6 showed [Jd Kh] and won ($0.87) with Pair of Jacks
Seat 6: 19eeadb9 (button) folded before Flop (didn't bet)


Poker Hand #HD1773501194: Hold'em No Limit ($0.05/$0.1) - 2024/05/15 12:17:50
Table 'NLHRed109' 6-max Seat #5 is the button
Seat 2: Hero ($14.86 in chips)
Seat 3: d161f56 ($11.68 in chips)
Seat 4: 28c9ed16 ($10.45 in chips)
Seat 5: a7bce0c6 ($2.7 in chips)
Seat 6: 19eeadb9 ($20.13 in chips)
19eeadb9: posts small blind $0.05
Hero: posts big blind $0.1
*** HOLE CARDS ***
Dealt to Hero [5c 5h]
Dealt to d161f56 
Dealt to 28c9ed16 
Dealt to a7bce0c6 
Dealt to 19eeadb9 
d161f56: folds
28c9ed16: folds
a7bce0c6: folds
19eeadb9: raises $0.18 to $0.28
Hero: calls $0.18
*** FLOP *** [Jd 6c 6h]
19eeadb9: checks
Hero: checks
*** TURN *** [Jd 6c 6h] [Qs]
19eeadb9: checks
Hero: checks
*** RIVER *** [Jd 6c 6h Qs] [Kh]
19eeadb9: checks
Hero: checks
19eeadb9: shows [7d 8d] (Pair of Sixes)
Hero: shows [5c 5h] (Pair of Sixes and Pair of Fives)
*** SHOWDOWN ***
Hero collected $0.54 from pot
*** SUMMARY ***
Total pot $0.56 | Rake $0.02 | Jackpot $0 | Bingo $0 | Fortune $0 | Tax $0
Board [Jd 6c 6h Qs Kh]
Seat 2: Hero (big blind) showed [5c 5h] and won ($0.54) with Pair of Sixes and Pair of Fives
Seat 3: d161f56 folded before Flop (didn't bet)
Seat 4: 28c9ed16 folded before Flop (didn't bet)
Seat 5: a7bce0c6 (button) folded before Flop (didn't bet)
Seat 6: 19eeadb9 (small blind) showed [7d 8d] and lost with Pair of Sixes


Poker Hand #HD1773501176: Hold'em No Limit ($0.05/$0.1) - 2024/05/15 12:17:31
Table 'NLHRed109' 6-max Seat #4 is the button
Seat 1: d44823cc ($10 in chips)
Seat 2: Hero ($14.86 in chips)
Seat 3: d161f56 ($11.68 in chips)
Seat 4: 28c9ed16 ($10.3 in chips)
Seat 5: a7bce0c6 ($2.75 in chips)
Seat 6: 19eeadb9 ($20.23 in chips)
a7bce0c6: posts small blind $0.05
19eeadb9: posts big blind $0.1
*** HOLE CARDS ***
Dealt to d44823cc 
Dealt to Hero [4d 3c]
Dealt to d161f56 
Dealt to 28c9ed16 
Dealt to a7bce0c6 
Dealt to 19eeadb9 
d44823cc: folds
Hero: folds
d161f56: folds
28c9ed16: raises $0.1 to $0.2
a7bce0c6: folds
19eeadb9: folds
Uncalled bet ($0.1) returned to 28c9ed16
*** SHOWDOWN ***
28c9ed16 collected $0.25 from pot
*** SUMMARY ***
Total pot $0.25 | Rake $0 | Jackpot $0 | Bingo $0 | Fortune $0 | Tax $0
Seat 1: d44823cc folded before Flop (didn't bet)
Seat 2: Hero folded before Flop (didn't bet)
Seat 3: d161f56 folded before Flop (didn't bet)
Seat 4: 28c9ed16 (button) collected ($0.25)
Seat 5: a7bce0c6 (small blind) folded before Flop
Seat 6: 19eeadb9 (big blind) folded before Flop


Poker Hand #HD1773501069: Hold'em No Limit ($0.05/$0.1) - 2024/05/15 12:16:10
Table 'NLHRed109' 6-max Seat #3 is the button
Seat 1: d44823cc ($9.97 in chips)
Seat 2: Hero ($14.86 in chips)
Seat 3: d161f56 ($11.68 in chips)
Seat 4: 28c9ed16 ($10.35 in chips)
Seat 5: a7bce0c6 ($2.85 in chips)
Seat 6: 19eeadb9 ($11.21 in chips)
28c9ed16: posts small blind $0.05
a7bce0c6: posts big blind $0.1
*** HOLE CARDS ***
Dealt to d44823cc 
Dealt to Hero [8d 5d]
Dealt to d161f56 
Dealt to 28c9ed16 
Dealt to a7bce0c6 
Dealt to 19eeadb9 
19eeadb9: raises $0.12 to $0.22
d44823cc: raises $0.45 to $0.67
Hero: folds
d161f56: folds
28c9ed16: folds
a7bce0c6: folds
19eeadb9: raises $10.54 to $11.21 and is all-in
d44823cc: calls $9.3 and is all-in
Uncalled bet ($1.24) returned to 19eeadb9
19eeadb9: shows [Ac Kh]
d44823cc: shows [Td Tc]
*** FLOP *** [7c Qs Qh]
*** TURN *** [7c Qs Qh] [Qd]
d44823cc: Chooses to EV Cashout 
*** RIVER *** [7c Qs Qh Qd] [Qc]
d44823cc: Receives Cashout ($10)
*** SHOWDOWN ***
19eeadb9 collected $18.99 from pot
*** SUMMARY ***
Total pot $20.09 | Rake $1 | Jackpot $0.1 | Bingo $0 | Fortune $0 | Tax $0
Board [7c Qs Qh Qd Qc]
Seat 1: d44823cc showed [Td Tc] and lost with Four Queens, EV Cashout ($0)
Seat 2: Hero folded before Flop (didn't bet)
Seat 3: d161f56 (button) folded before Flop (didn't bet)
Seat 4: 28c9ed16 (small blind) folded before Flop
Seat 5: a7bce0c6 (big blind) folded before Flop
Seat 6: 19eeadb9 showed [Ac Kh] and won ($18.99) with Four Queens


Poker Hand #HD1773501039: Hold'em No Limit ($0.05/$0.1) - 2024/05/15 12:15:48
Table 'NLHRed109' 6-max Seat #2 is the button
Seat 1: d44823cc ($9.97 in chips)
Seat 2: Hero ($14.71 in chips)
Seat 3: d161f56 ($11.73 in chips)
Seat 4: 28c9ed16 ($10.45 in chips)
Seat 5: a7bce0c6 ($2.85 in chips)
Seat 6: 19eeadb9 ($11.21 in chips)
d161f56: posts small blind $0.05
28c9ed16: posts big blind $0.1
*** HOLE CARDS ***
Dealt to d44823cc 
Dealt to Hero [7s 7h]
Dealt to d161f56 
Dealt to 28c9ed16 
Dealt to a7bce0c6 
Dealt to 19eeadb9 
a7bce0c6: folds
19eeadb9: folds
d44823cc: folds
Hero: raises $0.14 to $0.24
d161f56: folds
28c9ed16: folds
Uncalled bet ($0.14) returned to Hero
*** SHOWDOWN ***
Hero collected $0.25 from pot
*** SUMMARY ***
Total pot $0.25 | Rake $0 | Jackpot $0 | Bingo $0 | Fortune $0 | Tax $0
Seat 1: d44823cc folded before Flop (didn't bet)
Seat 2: Hero (button) collected ($0.25)
Seat 3: d161f56 (small blind) folded before Flop
Seat 4: 28c9ed16 (big blind) folded before Flop
Seat 5: a7bce0c6 folded before Flop (didn't bet)
Seat 6: 19eeadb9 folded before Flop (didn't bet)


Poker Hand #HD1773501001: Hold'em No Limit ($0.05/$0.1) - 2024/05/15 12:15:17
Table 'NLHRed109' 6-max Seat #1 is the button
Seat 1: d44823cc ($10.07 in chips)
Seat 2: Hero ($14.76 in chips)
Seat 3: d161f56 ($11.59 in chips)
Seat 4: 28c9ed16 ($10.45 in chips)
Seat 5: a7bce0c6 ($2.85 in chips)
Seat 6: 19eeadb9 ($11.21 in chips)
Hero: posts small blind $0.05
d161f56: posts big blind $0.1
*** HOLE CARDS ***
Dealt to d44823cc 
Dealt to Hero [8c 6h]
Dealt to d161f56 
Dealt to 28c9ed16 
Dealt to a7bce0c6 
Dealt to 19eeadb9 
28c9ed16: folds
a7bce0c6: folds
19eeadb9: folds
d44823cc: calls $0.1
Hero: folds
d161f56: checks
*** FLOP *** [4c Jh 8h]
d161f56: checks
d44823cc: checks
*** TURN *** [4c Jh 8h] [2h]
d161f56: bets $0.34
d44823cc: folds
Uncalled bet ($0.34) returned to d161f56
*** SHOWDOWN ***
d161f56 collected $0.24 from pot
*** SUMMARY ***
Total pot $0.25 | Rake $0.01 | Jackpot $0 | Bingo $0 | Fortune $0 | Tax $0
Board [4c Jh 8h 2h]
Seat 1: d44823cc (button) folded on the Turn
Seat 2: Hero (small blind) folded before Flop
Seat 3: d161f56 (big blind) won ($0.24)
Seat 4: 28c9ed16 folded before Flop (didn't bet)
Seat 5: a7bce0c6 folded before Flop (didn't bet)
Seat 6: 19eeadb9 folded before Flop (didn't bet)


Poker Hand #HD1773500919: Hold'em No Limit ($0.05/$0.1) - 2024/05/15 12:14:17
Table 'NLHRed109' 6-max Seat #6 is the button
Seat 1: d44823cc ($10.12 in chips)
Seat 2: Hero ($14.86 in chips)
Seat 3: d161f56 ($11.59 in chips)
Seat 4: 28c9ed16 ($10.45 in chips)
Seat 5: a7bce0c6 ($2.15 in chips)
Seat 6: 19eeadb9 ($11.83 in chips)
d44823cc: posts small blind $0.05
Hero: posts big blind $0.1
*** HOLE CARDS ***
Dealt to d44823cc 
Dealt to Hero [7d Th]
Dealt to d161f56 
Dealt to 28c9ed16 
Dealt to a7bce0c6 
Dealt to 19eeadb9 
d161f56: folds
28c9ed16: folds
a7bce0c6: raises $0.1 to $0.2
19eeadb9: raises $0.42 to $0.62
d44823cc: folds
Hero: folds
a7bce0c6: calls $0.42
*** FLOP *** [2d 5h Qc]
a7bce0c6: checks
19eeadb9: checks
*** TURN *** [2d 5h Qc] [Qd]
a7bce0c6: bets $0.7
19eeadb9: folds
Uncalled bet ($0.7) returned to a7bce0c6
*** SHOWDOWN ***
a7bce0c6 collected $1.32 from pot
*** SUMMARY ***
Total pot $1.39 | Rake $0.07 | Jackpot $0 | Bingo $0 | Fortune $0 | Tax $0
Board [2d 5h Qc Qd]
Seat 1: d44823cc (small blind) folded before Flop
Seat 2: Hero (big blind) folded before Flop
Seat 3: d161f56 folded before Flop (didn't bet)
Seat 4: 28c9ed16 folded before Flop (didn't bet)
Seat 5: a7bce0c6 won ($1.32)
Seat 6: 19eeadb9 (button) folded on the Turn


Poker Hand #HD1773500896: Hold'em No Limit ($0.05/$0.1) - 2024/05/15 12:13:59
Table 'NLHRed109' 6-max Seat #5 is the button
Seat 1: d44823cc ($10.07 in chips)
Seat 2: Hero ($14.86 in chips)
Seat 3: d161f56 ($11.59 in chips)
Seat 4: 28c9ed16 ($10.45 in chips)
Seat 5: a7bce0c6 ($2.15 in chips)
Seat 6: 19eeadb9 ($11.88 in chips)
19eeadb9: posts small blind $0.05
d44823cc: posts big blind $0.1
*** HOLE CARDS ***
Dealt to d44823cc 
Dealt to Hero [Jd 4h]
Dealt to d161f56 
Dealt to 28c9ed16 
Dealt to a7bce0c6 
Dealt to 19eeadb9 
Hero: folds
d161f56: folds
28c9ed16: folds
a7bce0c6: folds
19eeadb9: folds
Uncalled bet ($0.05) returned to d44823cc
*** SHOWDOWN ***
d44823cc collected $0.1 from pot
*** SUMMARY ***
Total pot $0.1 | Rake $0 | Jackpot $0 | Bingo $0 | Fortune $0 | Tax $0
Seat 1: d44823cc (big blind) collected ($0.1)
Seat 2: Hero folded before Flop (didn't bet)
Seat 3: d161f56 folded before Flop (didn't bet)
Seat 4: 28c9ed16 folded before Flop (didn't bet)
Seat 5: a7bce0c6 (button) folded before Flop (didn't bet)
Seat 6: 19eeadb9 (small blind) folded before Flop


Poker Hand #HD1773500878: Hold'em No Limit ($0.05/$0.1) - 2024/05/15 12:13:42
Table 'NLHRed109' 6-max Seat #4 is the button
Seat 1: d44823cc ($10.07 in chips)
Seat 2: Hero ($14.86 in chips)
Seat 3: d161f56 ($11.59 in chips)
Seat 4: 28c9ed16 ($10.45 in chips)
Seat 5: a7bce0c6 ($2.2 in chips)
Seat 6: 19eeadb9 ($11.83 in chips)
a7bce0c6: posts small blind $0.05
19eeadb9: posts big blind $0.1
*** HOLE CARDS ***
Dealt to d44823cc 
Dealt to Hero [Jh 4h]
Dealt to d161f56 
Dealt to 28c9ed16 
Dealt to a7bce0c6 
Dealt to 19eeadb9 
d44823cc: folds
Hero: folds
d161f56: folds
28c9ed16: folds
a7bce0c6: folds
Uncalled bet ($0.05) returned to 19eeadb9
*** SHOWDOWN ***
19eeadb9 collected $0.1 from pot
*** SUMMARY ***
Total pot $0.1 | Rake $0 | Jackpot $0 | Bingo $0 | Fortune $0 | Tax $0
Seat 1: d44823cc folded before Flop (didn't bet)
Seat 2: Hero folded before Flop (didn't bet)
Seat 3: d161f56 folded before Flop (didn't bet)
Seat 4: 28c9ed16 (button) folded before Flop (didn't bet)
Seat 5: a7bce0c6 (small blind) folded before Flop
Seat 6: 19eeadb9 (big blind) collected ($0.1)


Poker Hand #HD1773500801: Hold'em No Limit ($0.05/$0.1) - 2024/05/15 12:12:49
Table 'NLHRed109' 6-max Seat #3 is the button
Seat 1: d44823cc ($10.07 in chips)
Seat 2: Hero ($14.41 in chips)
Seat 3: d161f56 ($11.59 in chips)
Seat 4: 28c9ed16 ($10.69 in chips)
Seat 5: a7bce0c6 ($2.44 in chips)
Seat 6: 19eeadb9 ($11.83 in chips)
28c9ed16: posts small blind $0.05
a7bce0c6: posts big blind $0.1
*** HOLE CARDS ***
Dealt to d44823cc 
Dealt to Hero [Qs 9c]
Dealt to d161f56 
Dealt to 28c9ed16 
Dealt to a7bce0c6 
Dealt to 19eeadb9 
19eeadb9: folds
d44823cc: folds
Hero: raises $0.14 to $0.24
d161f56: folds
28c9ed16: calls $0.19
a7bce0c6: calls $0.14
*** FLOP *** [Tc 5d Js]
28c9ed16: checks
a7bce0c6: checks
Hero: bets $0.3
28c9ed16: folds
a7bce0c6: folds
Uncalled bet ($0.3) returned to Hero
*** SHOWDOWN ***
Hero collected $0.69 from pot
*** SUMMARY ***
Total pot $0.72 | Rake $0.03 | Jackpot $0 | Bingo $0 | Fortune $0 | Tax $0
Board [Tc 5d Js]
Seat 1: d44823cc folded before Flop (didn't bet)
Seat 2: Hero won ($0.69)
Seat 3: d161f56 (button) folded before Flop (didn't bet)
Seat 4: 28c9ed16 (small blind) folded on the Flop
Seat 5: a7bce0c6 (big blind) folded on the Flop
Seat 6: 19eeadb9 folded before Flop (didn't bet)


Poker Hand #HD1773500766: Hold'em No Limit ($0.05/$0.1) - 2024/05/15 12:12:24
Table 'NLHRed109' 6-max Seat #2 is the button
Seat 1: d44823cc ($9.74 in chips)
Seat 2: Hero ($14.41 in chips)
Seat 3: d161f56 ($11.64 in chips)
Seat 4: 28c9ed16 ($10.79 in chips)
Seat 5: a7bce0c6 ($2.64 in chips)
Seat 6: 19eeadb9 ($11.83 in chips)
d161f56: posts small blind $0.05
28c9ed16: posts big blind $0.1
*** HOLE CARDS ***
Dealt to d44823cc 
Dealt to Hero [Tc 5s]
Dealt to d161f56 
Dealt to 28c9ed16 
Dealt to a7bce0c6 
Dealt to 19eeadb9 
a7bce0c6: raises $0.1 to $0.2
19eeadb9: folds
d44823cc: raises $0.42 to $0.62
Hero: folds
d161f56: folds
28c9ed16: folds
a7bce0c6: folds
Uncalled bet ($0.42) returned to d44823cc
*** SHOWDOWN ***
d44823cc collected $0.53 from pot
*** SUMMARY ***
Total pot $0.55 | Rake $0.02 | Jackpot $0 | Bingo $0 | Fortune $0 | Tax $0
Seat 1: d44823cc collected ($0.53)
Seat 2: Hero (button) folded before Flop (didn't bet)
Seat 3: d161f56 (small blind) folded before Flop
Seat 4: 28c9ed16 (big blind) folded before Flop
Seat 5: a7bce0c6 folded before Flop
Seat 6: 19eeadb9 folded before Flop (didn't bet)


Poker Hand #HD1773500693: Hold'em No Limit ($0.05/$0.1) - 2024/05/15 12:11:25
Table 'NLHRed109' 6-max Seat #1 is the button
Seat 1: d44823cc ($10.47 in chips)
Seat 2: Hero ($14.46 in chips)
Seat 3: d161f56 ($11.74 in chips)
Seat 4: 28c9ed16 ($9.67 in chips)
Seat 5: a7bce0c6 ($2.97 in chips)
Seat 6: 19eeadb9 ($11.83 in chips)
Hero: posts small blind $0.05
d161f56: posts big blind $0.1
*** HOLE CARDS ***
Dealt to d44823cc 
Dealt to Hero [4s 2c]
Dealt to d161f56 
Dealt to 28c9ed16 
Dealt to a7bce0c6 
Dealt to 19eeadb9 
28c9ed16: calls $0.1
a7bce0c6: calls $0.1
19eeadb9: folds
d44823cc: raises $0.23 to $0.33
Hero: folds
d161f56: folds
28c9ed16: calls $0.23
a7bce0c6: calls $0.23
*** FLOP *** [7s Ac 5c]
28c9ed16: bets $0.4
a7bce0c6: folds
d44823cc: calls $0.4
*** TURN *** [7s Ac 5c] [3d]
28c9ed16: bets $1.95
d44823cc: folds
Uncalled bet ($1.95) returned to 28c9ed16
*** SHOWDOWN ***
28c9ed16 collected $1.85 from pot
*** SUMMARY ***
Total pot $1.94 | Rake $0.09 | Jackpot $0 | Bingo $0 | Fortune $0 | Tax $0
Board [7s Ac 5c 3d]
Seat 1: d44823cc (button) folded on the Turn
Seat 2: Hero (small blind) folded before Flop
Seat 3: d161f56 (big blind) folded before Flop
Seat 4: 28c9ed16 won ($1.85)
Seat 5: a7bce0c6 folded on the Flop
Seat 6: 19eeadb9 folded before Flop (didn't bet)


Poker Hand #HD1773500672: Hold'em No Limit ($0.05/$0.1) - 2024/05/15 12:11:13
Table 'NLHRed109' 6-max Seat #6 is the button
Seat 1: d44823cc ($10.52 in chips)
Seat 2: Hero ($14.41 in chips)
Seat 3: d161f56 ($11.74 in chips)
Seat 4: 28c9ed16 ($9.67 in chips)
Seat 5: a7bce0c6 ($2.97 in chips)
Seat 6: 19eeadb9 ($11.83 in chips)
d44823cc: posts small blind $0.05
Hero: posts big blind $0.1
*** HOLE CARDS ***
Dealt to d44823cc 
Dealt to Hero [Ks 7c]
Dealt to d161f56 
Dealt to 28c9ed16 
Dealt to a7bce0c6 
Dealt to 19eeadb9 
d161f56: folds
28c9ed16: folds
a7bce0c6: folds
19eeadb9: folds
d44823cc: folds
Uncalled bet ($0.05) returned to Hero
*** SHOWDOWN ***
Hero collected $0.1 from pot
*** SUMMARY ***
Total pot $0.1 | Rake $0 | Jackpot $0 | Bingo $0 | Fortune $0 | Tax $0
Seat 1: d44823cc (small blind) folded before Flop
Seat 2: Hero (big blind) collected ($0.1)
Seat 3: d161f56 folded before Flop (didn't bet)
Seat 4: 28c9ed16 folded before Flop (didn't bet)
Seat 5: a7bce0c6 folded before Flop (didn't bet)
Seat 6: 19eeadb9 (button) folded before Flop (didn't bet)


Poker Hand #HD1773500610: Hold'em No Limit ($0.05/$0.1) - 2024/05/15 12:10:23
Table 'NLHRed109' 6-max Seat #5 is the button
Seat 1: d44823cc ($11.99 in chips)
Seat 2: Hero ($14.41 in chips)
Seat 3: d161f56 ($11.74 in chips)
Seat 4: 28c9ed16 ($9.67 in chips)
Seat 5: a7bce0c6 ($2.97 in chips)
Seat 6: 19eeadb9 ($10.5 in chips)
19eeadb9: posts small blind $0.05
d44823cc: posts big blind $0.1
*** HOLE CARDS ***
Dealt to d44823cc 
Dealt to Hero [6s Jc]
Dealt to d161f56 
Dealt to 28c9ed16 
Dealt to a7bce0c6 
Dealt to 19eeadb9 
Hero: folds
d161f56: folds
28c9ed16: folds
a7bce0c6: folds
19eeadb9: raises $0.18 to $0.28
d44823cc: calls $0.18
*** FLOP *** [Kc Th 3s]
19eeadb9: bets $0.14
d44823cc: calls $0.14
*** TURN *** [Kc Th 3s] [5s]
19eeadb9: checks
d44823cc: checks
*** RIVER *** [Kc Th 3s 5s] [8d]
19eeadb9: bets $1.05
d44823cc: calls $1.05
19eeadb9: shows [Kh Ks] (Three Kings)
d44823cc: shows [8c Tc] (Pair of Tens and Pair of Eights)
*** SHOWDOWN ***
19eeadb9 collected $2.8 from pot
*** SUMMARY ***
Total pot $2.94 | Rake $0.14 | Jackpot $0 | Bingo $0 | Fortune $0 | Tax $0
Board [Kc Th 3s 5s 8d]
Seat 1: d44823cc (big blind) showed [8c Tc] and lost with Pair of Tens and Pair of Eights
Seat 2: Hero folded before Flop (didn't bet)
Seat 3: d161f56 folded before Flop (didn't bet)
Seat 4: 28c9ed16 folded before Flop (didn't bet)
Seat 5: a7bce0c6 (button) folded before Flop (didn't bet)
Seat 6: 19eeadb9 (small blind) showed [Kh Ks] and won ($2.8) with Three Kings


Poker Hand #HD1773500582: Hold'em No Limit ($0.05/$0.1) - 2024/05/15 12:10:03
Table 'NLHRed109' 6-max Seat #4 is the button
Seat 1: d44823cc ($11.99 in chips)
Seat 2: Hero ($14.41 in chips)
Seat 3: d161f56 ($11.74 in chips)
Seat 4: 28c9ed16 ($9.67 in chips)
Seat 5: a7bce0c6 ($3.02 in chips)
Seat 6: 19eeadb9 ($10.45 in chips)
a7bce0c6: posts small blind $0.05
19eeadb9: posts big blind $0.1
*** HOLE CARDS ***
Dealt to d44823cc 
Dealt to Hero [7c 9c]
Dealt to d161f56 
Dealt to 28c9ed16 
Dealt to a7bce0c6 
Dealt to 19eeadb9 
d44823cc: folds
Hero: folds
d161f56: folds
28c9ed16: folds
a7bce0c6: folds
Uncalled bet ($0.05) returned to 19eeadb9
*** SHOWDOWN ***
19eeadb9 collected $0.1 from pot
*** SUMMARY ***
Total pot $0.1 | Rake $0 | Jackpot $0 | Bingo $0 | Fortune $0 | Tax $0
Seat 1: d44823cc folded before Flop (didn't bet)
Seat 2: Hero folded before Flop (didn't bet)
Seat 3: d161f56 folded before Flop (didn't bet)
Seat 4: 28c9ed16 (button) folded before Flop (didn't bet)
Seat 5: a7bce0c6 (small blind) folded before Flop
Seat 6: 19eeadb9 (big blind) collected ($0.1)


Poker Hand #HD1773500560: Hold'em No Limit ($0.05/$0.1) - 2024/05/15 12:09:51
Table 'NLHRed109' 6-max Seat #3 is the button
Seat 1: d44823cc ($11.99 in chips)
Seat 2: Hero ($14.41 in chips)
Seat 3: d161f56 ($11.74 in chips)
Seat 4: 28c9ed16 ($9.72 in chips)
Seat 5: a7bce0c6 ($2.97 in chips)
Seat 6: 19eeadb9 ($10.45 in chips)
28c9ed16: posts small blind $0.05
a7bce0c6: posts big blind $0.1
*** HOLE CARDS ***
Dealt to d44823cc 
Dealt to Hero [4d 5d]
Dealt to d161f56 
Dealt to 28c9ed16 
Dealt to a7bce0c6 
Dealt to 19eeadb9 
19eeadb9: folds
d44823cc: folds
Hero: folds
d161f56: folds
28c9ed16: folds
Uncalled bet ($0.05) returned to a7bce0c6
*** SHOWDOWN ***
a7bce0c6 collected $0.1 from pot
*** SUMMARY ***
Total pot $0.1 | Rake $0 | Jackpot $0 | Bingo $0 | Fortune $0 | Tax $0
Seat 1: d44823cc folded before Flop (didn't bet)
Seat 2: Hero folded before Flop (didn't bet)
Seat 3: d161f56 (button) folded before Flop (didn't bet)
Seat 4: 28c9ed16 (small blind) folded before Flop
Seat 5: a7bce0c6 (big blind) collected ($0.1)
Seat 6: 19eeadb9 folded before Flop (didn't bet)


Poker Hand #HD1773500544: Hold'em No Limit ($0.05/$0.1) - 2024/05/15 12:09:37
Table 'NLHRed109' 6-max Seat #2 is the button
Seat 1: d44823cc ($11.99 in chips)
Seat 2: Hero ($14.41 in chips)
Seat 3: d161f56 ($11.64 in chips)
Seat 4: 28c9ed16 ($9.82 in chips)
Seat 5: a7bce0c6 ($2.97 in chips)
Seat 6: 19eeadb9 ($10.45 in chips)
d161f56: posts small blind $0.05
28c9ed16: posts big blind $0.1
*** HOLE CARDS ***
Dealt to d44823cc 
Dealt to Hero [4s Tc]
Dealt to d161f56 
Dealt to 28c9ed16 
Dealt to a7bce0c6 
Dealt to 19eeadb9 
a7bce0c6: folds
19eeadb9: folds
d44823cc: folds
Hero: folds
d161f56: raises $0.2 to $0.3
28c9ed16: folds
Uncalled bet ($0.2) returned to d161f56
*** SHOWDOWN ***
d161f56 collected $0.2 from pot
*** SUMMARY ***
Total pot $0.2 | Rake $0 | Jackpot $0 | Bingo $0 | Fortune $0 | Tax $0
Seat 1: d44823cc folded before Flop (didn't bet)
Seat 2: Hero (button) folded before Flop (didn't bet)
Seat 3: d161f56 (small blind) collected ($0.2)
Seat 4: 28c9ed16 (big blind) folded before Flop
Seat 5: a7bce0c6 folded before Flop (didn't bet)
Seat 6: 19eeadb9 folded before Flop (didn't bet)


Poker Hand #HD1773500495: Hold'em No Limit ($0.05/$0.1) - 2024/05/15 12:08:58
Table 'NLHRed109' 6-max Seat #1 is the button
Seat 1: d44823cc ($11.99 in chips)
Seat 2: Hero ($14.46 in chips)
Seat 3: d161f56 ($11.74 in chips)
Seat 4: 28c9ed16 ($9.82 in chips)
Seat 5: a7bce0c6 ($3.09 in chips)
Seat 6: 19eeadb9 ($10.58 in chips)
Hero: posts small blind $0.05
d161f56: posts big blind $0.1
*** HOLE CARDS ***
Dealt to d44823cc 
Dealt to Hero [2s 4d]
Dealt to d161f56 
Dealt to 28c9ed16 
Dealt to a7bce0c6 
Dealt to 19eeadb9 
28c9ed16: folds
a7bce0c6: raises $0.1 to $0.2
19eeadb9: raises $0.42 to $0.62
d44823cc: folds
Hero: folds
d161f56: folds
a7bce0c6: raises $2.47 to $3.09 and is all-in
19eeadb9: calls $2.47
a7bce0c6: shows [Ad Kh]
19eeadb9: shows [Kc As]
*** FLOP *** [Ah 5s Th]
*** TURN *** [Ah 5s Th] [6d]
*** RIVER *** [Ah 5s Th 6d] [Jc]
*** SHOWDOWN ***
a7bce0c6 collected $2.97 from pot
19eeadb9 collected $2.96 from pot
*** SUMMARY ***
Total pot $6.33 | Rake $0.3 | Jackpot $0.1 | Bingo $0 | Fortune $0 | Tax $0
Board [Ah 5s Th 6d Jc]
Seat 1: d44823cc (button) folded before Flop (didn't bet)
Seat 2: Hero (small blind) folded before Flop
Seat 3: d161f56 (big blind) folded before Flop
Seat 4: 28c9ed16 folded before Flop (didn't bet)
Seat 5: a7bce0c6 showed [Ad Kh] and won ($2.97) with Pair of Aces
Seat 6: 19eeadb9 showed [Kc As] and won ($2.96) with Pair of Aces


Poker Hand #HD1773500470: Hold'em No Limit ($0.05/$0.1) - 2024/05/15 12:08:38
Table 'NLHRed109' 6-max Seat #6 is the button
Seat 1: d44823cc ($12.04 in chips)
Seat 2: Hero ($14.56 in chips)
Seat 3: d161f56 ($11.74 in chips)
Seat 4: 28c9ed16 ($9.82 in chips)
Seat 5: a7bce0c6 ($3.09 in chips)
Seat 6: 19eeadb9 ($10.43 in chips)
d44823cc: posts small blind $0.05
Hero: posts big blind $0.1
*** HOLE CARDS ***
Dealt to d44823cc 
Dealt to Hero [Qh 6c]
Dealt to d161f56 
Dealt to 28c9ed16 
Dealt to a7bce0c6 
Dealt to 19eeadb9 
d161f56: folds
28c9ed16: folds
a7bce0c6: folds
19eeadb9: raises $0.12 to $0.22
d44823cc: folds
Hero: folds
Uncalled bet ($0.12) returned to 19eeadb9
*** SHOWDOWN ***
19eeadb9 collected $0.25 from pot
*** SUMMARY ***
Total pot $0.25 | Rake $0 | Jackpot $0 | Bingo $0 | Fortune $0 | Tax $0
Seat 1: d44823cc (small blind) folded before Flop
Seat 2: Hero (big blind) folded before Flop
Seat 3: d161f56 folded before Flop (didn't bet)
Seat 4: 28c9ed16 folded before Flop (didn't bet)
Seat 5: a7bce0c6 folded before Flop (didn't bet)
Seat 6: 19eeadb9 (button) collected ($0.25)


Poker Hand #HD1773500392: Hold'em No Limit ($0.05/$0.1) - 2024/05/15 12:07:35
Table 'NLHRed109' 6-max Seat #5 is the button
Seat 1: d44823cc ($11.78 in chips)
Seat 2: Hero ($14.56 in chips)
Seat 3: d161f56 ($11.74 in chips)
Seat 4: 28c9ed16 ($9.82 in chips)
Seat 5: a7bce0c6 ($3.09 in chips)
Seat 6: 19eeadb9 ($10.71 in chips)
19eeadb9: posts small blind $0.05
d44823cc: posts big blind $0.1
*** HOLE CARDS ***
Dealt to d44823cc 
Dealt to Hero [4h Jh]
Dealt to d161f56 
Dealt to 28c9ed16 
Dealt to a7bce0c6 
Dealt to 19eeadb9 
Hero: folds
d161f56: folds
28c9ed16: folds
a7bce0c6: folds
19eeadb9: raises $0.18 to $0.28
d44823cc: calls $0.18
*** FLOP *** [7s 5s 4s]
19eeadb9: checks
d44823cc: checks
*** TURN *** [7s 5s 4s] [Tc]
19eeadb9: checks
d44823cc: bets $0.19
19eeadb9: folds
Uncalled bet ($0.19) returned to d44823cc
d44823cc: shows [Ks] (King-High)
*** SHOWDOWN ***
d44823cc collected $0.54 from pot
*** SUMMARY ***
Total pot $0.56 | Rake $0.02 | Jackpot $0 | Bingo $0 | Fortune $0 | Tax $0
Board [7s 5s 4s Tc]
Seat 1: d44823cc (big blind) showed [Ks] and won ($0.54)
Seat 2: Hero folded before Flop (didn't bet)
Seat 3: d161f56 folded before Flop (didn't bet)
Seat 4: 28c9ed16 folded before Flop (didn't bet)
Seat 5: a7bce0c6 (button) folded before Flop (didn't bet)
Seat 6: 19eeadb9 (small blind) folded on the Turn


Poker Hand #HD1773500299: Hold'em No Limit ($0.05/$0.1) - 2024/05/15 12:06:27
Table 'NLHRed109' 6-max Seat #4 is the button
Seat 1: d44823cc ($11.78 in chips)
Seat 2: Hero ($14.76 in chips)
Seat 3: d161f56 ($11.74 in chips)
Seat 4: 28c9ed16 ($9.82 in chips)
Seat 5: a7bce0c6 ($2.81 in chips)
Seat 6: 19eeadb9 ($10.81 in chips)
a7bce0c6: posts small blind $0.05
19eeadb9: posts big blind $0.1
*** HOLE CARDS ***
Dealt to d44823cc 
Dealt to Hero [Jh As]
Dealt to d161f56 
Dealt to 28c9ed16 
Dealt to a7bce0c6 
Dealt to 19eeadb9 
d44823cc: folds
Hero: raises $0.1 to $0.2
d161f56: folds
28c9ed16: folds
a7bce0c6: calls $0.15
19eeadb9: folds
*** FLOP *** [3s 9d 3d]
a7bce0c6: checks
Hero: checks
*** TURN *** [3s 9d 3d] [7h]
a7bce0c6: checks
Hero: checks
*** RIVER *** [3s 9d 3d 7h] [Td]
a7bce0c6: bets $0.25
Hero: folds
Uncalled bet ($0.25) returned to a7bce0c6
*** SHOWDOWN ***
a7bce0c6 collected $0.48 from pot
*** SUMMARY ***
Total pot $0.5 | Rake $0.02 | Jackpot $0 | Bingo $0 | Fortune $0 | Tax $0
Board [3s 9d 3d 7h Td]
Seat 1: d44823cc folded before Flop (didn't bet)
Seat 2: Hero folded on the River
Seat 3: d161f56 folded before Flop (didn't bet)
Seat 4: 28c9ed16 (button) folded before Flop (didn't bet)
Seat 5: a7bce0c6 (small blind) won ($0.48)
Seat 6: 19eeadb9 (big blind) folded before Flop


Poker Hand #HD1773500214: Hold'em No Limit ($0.05/$0.1) - 2024/05/15 12:05:20
Table 'NLHRed109' 6-max Seat #3 is the button
Seat 1: d44823cc ($11.41 in chips)
Seat 2: Hero ($14.76 in chips)
Seat 3: d161f56 ($11.74 in chips)
Seat 4: 28c9ed16 ($9.87 in chips)
Seat 5: a7bce0c6 ($3.16 in chips)
Seat 6: 19eeadb9 ($10.81 in chips)
28c9ed16: posts small blind $0.05
a7bce0c6: posts big blind $0.1
*** HOLE CARDS ***
Dealt to d44823cc 
Dealt to Hero [4h 2c]
Dealt to d161f56 
Dealt to 28c9ed16 
Dealt to a7bce0c6 
Dealt to 19eeadb9 
19eeadb9: folds
d44823cc: raises $0.1 to $0.2
Hero: folds
d161f56: folds
28c9ed16: folds
a7bce0c6: calls $0.1
*** FLOP *** [As 8d 9s]
a7bce0c6: checks
d44823cc: checks
*** TURN *** [As 8d 9s] [8c]
a7bce0c6: checks
d44823cc: bets $0.15
a7bce0c6: calls $0.15
*** RIVER *** [As 8d 9s 8c] [4c]
a7bce0c6: checks
d44823cc: bets $0.38
a7bce0c6: folds
Uncalled bet ($0.38) returned to d44823cc
*** SHOWDOWN ***
d44823cc collected $0.72 from pot
*** SUMMARY ***
Total pot $0.75 | Rake $0.03 | Jackpot $0 | Bingo $0 | Fortune $0 | Tax $0
Board [As 8d 9s 8c 4c]
Seat 1: d44823cc won ($0.72)
Seat 2: Hero folded before Flop (didn't bet)
Seat 3: d161f56 (button) folded before Flop (didn't bet)
Seat 4: 28c9ed16 (small blind) folded before Flop
Seat 5: a7bce0c6 (big blind) folded on the River
Seat 6: 19eeadb9 folded before Flop (didn't bet)


Poker Hand #HD1773500202: Hold'em No Limit ($0.05/$0.1) - 2024/05/15 12:05:07
Table 'NLHRed109' 6-max Seat #2 is the button
Seat 1: d44823cc ($11.41 in chips)
Seat 2: Hero ($14.76 in chips)
Seat 3: d161f56 ($11.79 in chips)
Seat 4: 28c9ed16 ($9.82 in chips)
Seat 5: a7bce0c6 ($3.16 in chips)
Seat 6: 19eeadb9 ($10.81 in chips)
d161f56: posts small blind $0.05
28c9ed16: posts big blind $0.1
*** HOLE CARDS ***
Dealt to d44823cc 
Dealt to Hero [6c Ad]
Dealt to d161f56 
Dealt to 28c9ed16 
Dealt to a7bce0c6 
Dealt to 19eeadb9 
a7bce0c6: folds
19eeadb9: folds
d44823cc: folds
Hero: folds
d161f56: folds
Uncalled bet ($0.05) returned to 28c9ed16
*** SHOWDOWN ***
28c9ed16 collected $0.1 from pot
*** SUMMARY ***
Total pot $0.1 | Rake $0 | Jackpot $0 | Bingo $0 | Fortune $0 | Tax $0
Seat 1: d44823cc folded before Flop (didn't bet)
Seat 2: Hero (button) folded before Flop (didn't bet)
Seat 3: d161f56 (small blind) folded before Flop
Seat 4: 28c9ed16 (big blind) collected ($0.1)
Seat 5: a7bce0c6 folded before Flop (didn't bet)
Seat 6: 19eeadb9 folded before Flop (didn't bet)


Poker Hand #HD1773500187: Hold'em No Limit ($0.05/$0.1) - 2024/05/15 12:04:51
Table 'NLHRed109' 6-max Seat #1 is the button
Seat 1: d44823cc ($11.41 in chips)
Seat 2: Hero ($14.81 in chips)
Seat 3: d161f56 ($11.74 in chips)
Seat 4: 28c9ed16 ($9.82 in chips)
Seat 5: a7bce0c6 ($3.16 in chips)
Seat 6: 19eeadb9 ($10.81 in chips)
Hero: posts small blind $0.05
d161f56: posts big blind $0.1
*** HOLE CARDS ***
Dealt to d44823cc 
Dealt to Hero [5h Qc]
Dealt to d161f56 
Dealt to 28c9ed16 
Dealt to a7bce0c6 
Dealt to 19eeadb9 
28c9ed16: folds
a7bce0c6: folds
19eeadb9: folds
d44823cc: folds
Hero: folds
Uncalled bet ($0.05) returned to d161f56
*** SHOWDOWN ***
d161f56 collected $0.1 from pot
*** SUMMARY ***
Total pot $0.1 | Rake $0 | Jackpot $0 | Bingo $0 | Fortune $0 | Tax $0
Seat 1: d44823cc (button) folded before Flop (didn't bet)
Seat 2: Hero (small blind) folded before Flop
Seat 3: d161f56 (big blind) collected ($0.1)
Seat 4: 28c9ed16 folded before Flop (didn't bet)
Seat 5: a7bce0c6 folded before Flop (didn't bet)
Seat 6: 19eeadb9 folded before Flop (didn't bet)


Poker Hand #HD1773500142: Hold'em No Limit ($0.05/$0.1) - 2024/05/15 12:04:16
Table 'NLHRed109' 6-max Seat #6 is the button
Seat 1: d44823cc ($11.46 in chips)
Seat 2: Hero ($15.03 in chips)
Seat 3: d161f56 ($11.28 in chips)
Seat 4: 28c9ed16 ($9.82 in chips)
Seat 5: a7bce0c6 ($3.38 in chips)
Seat 6: 19eeadb9 ($10.81 in chips)
d44823cc: posts small blind $0.05
Hero: posts big blind $0.1
*** HOLE CARDS ***
Dealt to d44823cc 
Dealt to Hero [2d 2s]
Dealt to d161f56 
Dealt to 28c9ed16 
Dealt to a7bce0c6 
Dealt to 19eeadb9 
d161f56: raises $0.12 to $0.22
28c9ed16: folds
a7bce0c6: calls $0.22
19eeadb9: folds
d44823cc: folds
Hero: calls $0.12
*** FLOP *** [Js Qc 8d]
Hero: checks
d161f56: checks
a7bce0c6: checks
*** TURN *** [Js Qc 8d] [3h]
Hero: checks
d161f56: bets $0.54
a7bce0c6: folds
Hero: folds
Uncalled bet ($0.54) returned to d161f56
*** SHOWDOWN ***
d161f56 collected $0.68 from pot
*** SUMMARY ***
Total pot $0.71 | Rake $0.03 | Jackpot $0 | Bingo $0 | Fortune $0 | Tax $0
Board [Js Qc 8d 3h]
Seat 1: d44823cc (small blind) folded before Flop
Seat 2: Hero (big blind) folded on the Turn
Seat 3: d161f56 won ($0.68)
Seat 4: 28c9ed16 folded before Flop (didn't bet)
Seat 5: a7bce0c6 folded on the Turn
Seat 6: 19eeadb9 (button) folded before Flop (didn't bet)


Poker Hand #HD1773500115: Hold'em No Limit ($0.05/$0.1) - 2024/05/15 12:03:58
Table 'NLHRed109' 6-max Seat #5 is the button
Seat 1: d44823cc ($11.56 in chips)
Seat 2: Hero ($15.03 in chips)
Seat 3: d161f56 ($11.28 in chips)
Seat 4: 28c9ed16 ($9.67 in chips)
Seat 5: a7bce0c6 ($3.38 in chips)
Seat 6: 19eeadb9 ($10.86 in chips)
19eeadb9: posts small blind $0.05
d44823cc: posts big blind $0.1
*** HOLE CARDS ***
Dealt to d44823cc 
Dealt to Hero [6c 8s]
Dealt to d161f56 
Dealt to 28c9ed16 
Dealt to a7bce0c6 
Dealt to 19eeadb9 
Hero: folds
d161f56: folds
28c9ed16: raises $0.1 to $0.2
a7bce0c6: folds
19eeadb9: folds
d44823cc: folds
Uncalled bet ($0.1) returned to 28c9ed16
*** SHOWDOWN ***
28c9ed16 collected $0.25 from pot
*** SUMMARY ***
Total pot $0.25 | Rake $0 | Jackpot $0 | Bingo $0 | Fortune $0 | Tax $0
Seat 1: d44823cc (big blind) folded before Flop
Seat 2: Hero folded before Flop (didn't bet)
Seat 3: d161f56 folded before Flop (didn't bet)
Seat 4: 28c9ed16 collected ($0.25)
Seat 5: a7bce0c6 (button) folded before Flop (didn't bet)
Seat 6: 19eeadb9 (small blind) folded before Flop


Poker Hand #HD1773500099: Hold'em No Limit ($0.05/$0.1) - 2024/05/15 12:03:42
Table 'NLHRed109' 6-max Seat #4 is the button
Seat 1: d44823cc ($11.56 in chips)
Seat 2: Hero ($15.03 in chips)
Seat 3: d161f56 ($11.13 in chips)
Seat 4: 28c9ed16 ($9.67 in chips)
Seat 5: a7bce0c6 ($3.43 in chips)
Seat 6: 19eeadb9 ($10.96 in chips)
a7bce0c6: posts small blind $0.05
19eeadb9: posts big blind $0.1
*** HOLE CARDS ***
Dealt to d44823cc 
Dealt to Hero [Jc 5c]
Dealt to d161f56 
Dealt to 28c9ed16 
Dealt to a7bce0c6 
Dealt to 19eeadb9 
d44823cc: folds
Hero: folds
d161f56: raises $0.12 to $0.22
28c9ed16: folds
a7bce0c6: folds
19eeadb9: folds
Uncalled bet ($0.12) returned to d161f56
*** SHOWDOWN ***
d161f56 collected $0.25 from pot
*** SUMMARY ***
Total pot $0.25 | Rake $0 | Jackpot $0 | Bingo $0 | Fortune $0 | Tax $0
Seat 1: d44823cc folded before Flop (didn't bet)
Seat 2: Hero folded before Flop (didn't bet)
Seat 3: d161f56 collected ($0.25)
Seat 4: 28c9ed16 (button) folded before Flop (didn't bet)
Seat 5: a7bce0c6 (small blind) folded before Flop
Seat 6: 19eeadb9 (big blind) folded before Flop


Poker Hand #HD1773500055: Hold'em No Limit ($0.05/$0.1) - 2024/05/15 12:03:04
Table 'NLHRed109' 6-max Seat #3 is the button
Seat 1: d44823cc ($11.66 in chips)
Seat 2: Hero ($15.03 in chips)
Seat 3: d161f56 ($11.13 in chips)
Seat 4: 28c9ed16 ($9.48 in chips)
Seat 5: a7bce0c6 ($3.53 in chips)
Seat 6: 19eeadb9 ($10.96 in chips)
28c9ed16: posts small blind $0.05
a7bce0c6: posts big blind $0.1
*** HOLE CARDS ***
Dealt to d44823cc 
Dealt to Hero [2c 6s]
Dealt to d161f56 
Dealt to 28c9ed16 
Dealt to a7bce0c6 
Dealt to 19eeadb9 
19eeadb9: folds
d44823cc: calls $0.1
Hero: folds
d161f56: folds
28c9ed16: calls $0.05
a7bce0c6: checks
*** FLOP *** [Ac Ah Ks]
28c9ed16: checks
a7bce0c6: checks
d44823cc: checks
*** TURN *** [Ac Ah Ks] [9d]
28c9ed16: bets $0.15
a7bce0c6: folds
d44823cc: folds
Uncalled bet ($0.15) returned to 28c9ed16
*** SHOWDOWN ***
28c9ed16 collected $0.29 from pot
*** SUMMARY ***
Total pot $0.3 | Rake $0.01 | Jackpot $0 | Bingo $0 | Fortune $0 | Tax $0
Board [Ac Ah Ks 9d]
Seat 1: d44823cc folded on the Turn
Seat 2: Hero folded before Flop (didn't bet)
Seat 3: d161f56 (button) folded before Flop (didn't bet)
Seat 4: 28c9ed16 (small blind) won ($0.29)
Seat 5: a7bce0c6 (big blind) folded on the Turn
Seat 6: 19eeadb9 folded before Flop (didn't bet)


Poker Hand #HD1773499976: Hold'em No Limit ($0.05/$0.1) - 2024/05/15 12:01:57
Table 'NLHRed109' 6-max Seat #2 is the button
Seat 1: d44823cc ($12.91 in chips)
Seat 2: Hero ($13.76 in chips)
Seat 3: d161f56 ($11.18 in chips)
Seat 4: 28c9ed16 ($9.58 in chips)
Seat 5: a7bce0c6 ($3.53 in chips)
Seat 6: 19eeadb9 ($10.96 in chips)
d161f56: posts small blind $0.05
28c9ed16: posts big blind $0.1
*** HOLE CARDS ***
Dealt to d44823cc 
Dealt to Hero [Td 9d]
Dealt to d161f56 
Dealt to 28c9ed16 
Dealt to a7bce0c6 
Dealt to 19eeadb9 
a7bce0c6: folds
19eeadb9: folds
d44823cc: calls $0.1
Hero: raises $0.3 to $0.4
d161f56: folds
28c9ed16: folds
d44823cc: calls $0.3
*** FLOP *** [9s Tc 7h]
d44823cc: bets $0.32
Hero: calls $0.32
*** TURN *** [9s Tc 7h] [Kc]
d44823cc: bets $0.53
Hero: raises $1.75 to $2.28
d44823cc: folds
Uncalled bet ($1.75) returned to Hero
*** SHOWDOWN ***
Hero collected $2.52 from pot
*** SUMMARY ***
Total pot $2.65 | Rake $0.13 | Jackpot $0 | Bingo $0 | Fortune $0 | Tax $0
Board [9s Tc 7h Kc]
Seat 1: d44823cc folded on the Turn
Seat 2: Hero (button) won ($2.52)
Seat 3: d161f56 (small blind) folded before Flop
Seat 4: 28c9ed16 (big blind) folded before Flop
Seat 5: a7bce0c6 folded before Flop (didn't bet)
Seat 6: 19eeadb9 folded before Flop (didn't bet)


Poker Hand #HD1773499963: Hold'em No Limit ($0.05/$0.1) - 2024/05/15 12:01:43
Table 'NLHRed109' 6-max Seat #1 is the button
Seat 1: d44823cc ($12.91 in chips)
Seat 2: Hero ($13.81 in chips)
Seat 3: d161f56 ($11.28 in chips)
Seat 4: 28c9ed16 ($9.43 in chips)
Seat 5: a7bce0c6 ($3.53 in chips)
Seat 6: 19eeadb9 ($10.96 in chips)
Hero: posts small blind $0.05
d161f56: posts big blind $0.1
*** HOLE CARDS ***
Dealt to d44823cc 
Dealt to Hero [Qh 8d]
Dealt to d161f56 
Dealt to 28c9ed16 
Dealt to a7bce0c6 
Dealt to 19eeadb9 
28c9ed16: raises $0.1 to $0.2
a7bce0c6: folds
19eeadb9: folds
d44823cc: folds
Hero: folds
d161f56: folds
Uncalled bet ($0.1) returned to 28c9ed16
*** SHOWDOWN ***
28c9ed16 collected $0.25 from pot
*** SUMMARY ***
Total pot $0.25 | Rake $0 | Jackpot $0 | Bingo $0 | Fortune $0 | Tax $0
Seat 1: d44823cc (button) folded before Flop (didn't bet)
Seat 2: Hero (small blind) folded before Flop
Seat 3: d161f56 (big blind) folded before Flop
Seat 4: 28c9ed16 collected ($0.25)
Seat 5: a7bce0c6 folded before Flop (didn't bet)
Seat 6: 19eeadb9 folded before Flop (didn't bet)


Poker Hand #HD1773499868: Hold'em No Limit ($0.05/$0.1) - 2024/05/15 12:00:29
Table 'NLHRed109' 6-max Seat #6 is the button
Seat 1: d44823cc ($12.96 in chips)
Seat 2: Hero ($13.44 in chips)
Seat 3: d161f56 ($11.28 in chips)
Seat 4: 28c9ed16 ($9.43 in chips)
Seat 5: a7bce0c6 ($3.53 in chips)
Seat 6: 19eeadb9 ($11.31 in chips)
d44823cc: posts small blind $0.05
Hero: posts big blind $0.1
*** HOLE CARDS ***
Dealt to d44823cc 
Dealt to Hero [Ad 9d]
Dealt to d161f56 
Dealt to 28c9ed16 
Dealt to a7bce0c6 
Dealt to 19eeadb9 
d161f56: folds
28c9ed16: folds
a7bce0c6: folds
19eeadb9: raises $0.12 to $0.22
d44823cc: folds
Hero: calls $0.12
*** FLOP *** [Ac 2d 9h]
Hero: checks
19eeadb9: bets $0.13
Hero: calls $0.13
*** TURN *** [Ac 2d 9h] [5d]
Hero: checks
19eeadb9: checks
*** RIVER *** [Ac 2d 9h 5d] [6c]
Hero: checks
19eeadb9: checks
Hero: shows [Ad 9d] (Pair of Aces and Pair of Nines)
19eeadb9: shows [Jc Qh] (Ace-High)
*** SHOWDOWN ***
Hero collected $0.72 from pot
*** SUMMARY ***
Total pot $0.75 | Rake $0.03 | Jackpot $0 | Bingo $0 | Fortune $0 | Tax $0
Board [Ac 2d 9h 5d 6c]
Seat 1: d44823cc (small blind) folded before Flop
Seat 2: Hero (big blind) showed [Ad 9d] and won ($0.72) with Pair of Aces and Pair of Nines
Seat 3: d161f56 folded before Flop (didn't bet)
Seat 4: 28c9ed16 folded before Flop (didn't bet)
Seat 5: a7bce0c6 folded before Flop (didn't bet)
Seat 6: 19eeadb9 (button) showed [Jc Qh] and lost with Ace-High


Poker Hand #HD1773499816: Hold'em No Limit ($0.05/$0.1) - 2024/05/15 11:59:51
Table 'NLHRed109' 6-max Seat #5 is the button
Seat 1: d44823cc ($13.06 in chips)
Seat 2: Hero ($13.64 in chips)
Seat 3: d161f56 ($11.28 in chips)
Seat 4: 28c9ed16 ($9.63 in chips)
Seat 5: a7bce0c6 ($3.53 in chips)
Seat 6: 19eeadb9 ($10.84 in chips)
19eeadb9: posts small blind $0.05
d44823cc: posts big blind $0.1
*** HOLE CARDS ***
Dealt to d44823cc 
Dealt to Hero [Ac Jd]
Dealt to d161f56 
Dealt to 28c9ed16 
Dealt to a7bce0c6 
Dealt to 19eeadb9 
Hero: raises $0.1 to $0.2
d161f56: folds
28c9ed16: calls $0.2
a7bce0c6: folds
19eeadb9: raises $1 to $1.2
d44823cc: folds
Hero: folds
28c9ed16: folds
Uncalled bet ($1) returned to 19eeadb9
*** SHOWDOWN ***
19eeadb9 collected $0.67 from pot
*** SUMMARY ***
Total pot $0.7 | Rake $0.03 | Jackpot $0 | Bingo $0 | Fortune $0 | Tax $0
Seat 1: d44823cc (big blind) folded before Flop
Seat 2: Hero folded before Flop
Seat 3: d161f56 folded before Flop (didn't bet)
Seat 4: 28c9ed16 folded before Flop
Seat 5: a7bce0c6 (button) folded before Flop (didn't bet)
Seat 6: 19eeadb9 (small blind) collected ($0.67)


Poker Hand #HD1773499770: Hold'em No Limit ($0.05/$0.1) - 2024/05/15 11:59:11
Table 'NLHRed109' 6-max Seat #4 is the button
Seat 1: d44823cc ($13.06 in chips)
Seat 2: Hero ($13.64 in chips)
Seat 3: d161f56 ($11.5 in chips)
Seat 4: 28c9ed16 ($9.29 in chips)
Seat 5: a7bce0c6 ($3.58 in chips)
Seat 6: 19eeadb9 ($10.94 in chips)
a7bce0c6: posts small blind $0.05
19eeadb9: posts big blind $0.1
*** HOLE CARDS ***
Dealt to d44823cc 
Dealt to Hero [Kh Ts]
Dealt to d161f56 
Dealt to 28c9ed16 
Dealt to a7bce0c6 
Dealt to 19eeadb9 
d44823cc: folds
Hero: folds
d161f56: raises $0.12 to $0.22
28c9ed16: raises $0.63 to $0.85
a7bce0c6: folds
19eeadb9: folds
d161f56: folds
Uncalled bet ($0.63) returned to 28c9ed16
*** SHOWDOWN ***
28c9ed16 collected $0.56 from pot
*** SUMMARY ***
Total pot $0.59 | Rake $0.03 | Jackpot $0 | Bingo $0 | Fortune $0 | Tax $0
Seat 1: d44823cc folded before Flop (didn't bet)
Seat 2: Hero folded before Flop (didn't bet)
Seat 3: d161f56 folded before Flop
Seat 4: 28c9ed16 (button) collected ($0.56)
Seat 5: a7bce0c6 (small blind) folded before Flop
Seat 6: 19eeadb9 (big blind) folded before Flop


Poker Hand #HD1773499750: Hold'em No Limit ($0.05/$0.1) - 2024/05/15 11:58:53
Table 'NLHRed109' 6-max Seat #3 is the button
Seat 1: d44823cc ($12.91 in chips)
Seat 2: Hero ($13.64 in chips)
Seat 3: d161f56 ($11.5 in chips)
Seat 4: 28c9ed16 ($9.34 in chips)
Seat 5: a7bce0c6 ($3.68 in chips)
Seat 6: 19eeadb9 ($10.94 in chips)
28c9ed16: posts small blind $0.05
a7bce0c6: posts big blind $0.1
*** HOLE CARDS ***
Dealt to d44823cc 
Dealt to Hero [Tc 7s]
Dealt to d161f56 
Dealt to 28c9ed16 
Dealt to a7bce0c6 
Dealt to 19eeadb9 
19eeadb9: folds
d44823cc: raises $0.2 to $0.3
Hero: folds
d161f56: folds
28c9ed16: folds
a7bce0c6: folds
Uncalled bet ($0.2) returned to d44823cc
*** SHOWDOWN ***
d44823cc collected $0.25 from pot
*** SUMMARY ***
Total pot $0.25 | Rake $0 | Jackpot $0 | Bingo $0 | Fortune $0 | Tax $0
Seat 1: d44823cc collected ($0.25)
Seat 2: Hero folded before Flop (didn't bet)
Seat 3: d161f56 (button) folded before Flop (didn't bet)
Seat 4: 28c9ed16 (small blind) folded before Flop
Seat 5: a7bce0c6 (big blind) folded before Flop
Seat 6: 19eeadb9 folded before Flop (didn't bet)


Poker Hand #HD1773499641: Hold'em No Limit ($0.05/$0.1) - 2024/05/15 11:57:10
Table 'NLHRed109' 6-max Seat #2 is the button
Seat 1: d44823cc ($16.9 in chips)
Seat 2: Hero ($10 in chips)
Seat 3: d161f56 ($11.55 in chips)
Seat 4: 28c9ed16 ($9.44 in chips)
Seat 5: a7bce0c6 ($3.68 in chips)
Seat 6: 19eeadb9 ($10.94 in chips)
d161f56: posts small blind $0.05
28c9ed16: posts big blind $0.1
*** HOLE CARDS ***
Dealt to d44823cc 
Dealt to Hero [Jd As]
Dealt to d161f56 
Dealt to 28c9ed16 
Dealt to a7bce0c6 
Dealt to 19eeadb9 
a7bce0c6: folds
19eeadb9: folds
d44823cc: raises $0.2 to $0.3
Hero: raises $0.6 to $0.9
d161f56: folds
28c9ed16: folds
d44823cc: calls $0.6
*** FLOP *** [3c Js 8s]
d44823cc: checks
Hero: bets $0.65
d44823cc: calls $0.65
*** TURN *** [3c Js 8s] [6c]
d44823cc: checks
Hero: checks
*** RIVER *** [3c Js 8s 6c] [4s]
d44823cc: bets $2.44
Hero: calls $2.44
d44823cc: shows [Qs Kd] (King-High)
Hero: shows [Jd As] (Pair of Jacks)
*** SHOWDOWN ***
Hero collected $7.63 from pot
*** SUMMARY ***
Total pot $8.13 | Rake $0.4 | Jackpot $0.1 | Bingo $0 | Fortune $0 | Tax $0
Board [3c Js 8s 6c 4s]
Seat 1: d44823cc showed [Qs Kd] and lost with King-High
Seat 2: Hero (button) showed [Jd As] and won ($7.63) with Pair of Jacks
Seat 3: d161f56 (small blind) folded before Flop
Seat 4: 28c9ed16 (big blind) folded before Flop
Seat 5: a7bce0c6 folded before Flop (didn't bet)
Seat 6: 19eeadb9 folded before Flop (didn't bet)


Poker Hand #HD1773499586: Hold'em No Limit ($0.05/$0.1) - 2024/05/15 11:56:23
Table 'NLHRed109' 6-max Seat #1 is the button
Seat 1: d44823cc ($17.1 in chips)
Seat 2: Hero ($10.03 in chips)
Seat 3: d161f56 ($11.65 in chips)
Seat 4: 28c9ed16 ($10.54 in chips)
Seat 5: a7bce0c6 ($2.35 in chips)
Seat 6: 19eeadb9 ($10.94 in chips)
Hero: posts small blind $0.05
d161f56: posts big blind $0.1
*** HOLE CARDS ***
Dealt to d44823cc 
Dealt to Hero [8s Qh]
Dealt to d161f56 
Dealt to 28c9ed16 
Dealt to a7bce0c6 
Dealt to 19eeadb9 
28c9ed16: raises $0.1 to $0.2
a7bce0c6: calls $0.2
19eeadb9: folds
d44823cc: calls $0.2
Hero: folds
d161f56: folds
*** FLOP *** [Ah Ac 6s]
28c9ed16: checks
a7bce0c6: checks
d44823cc: checks
*** TURN *** [Ah Ac 6s] [Jd]
28c9ed16: bets $0.25
a7bce0c6: calls $0.25
d44823cc: folds
*** RIVER *** [Ah Ac 6s Jd] [3d]
28c9ed16: bets $0.65
a7bce0c6: calls $0.65
28c9ed16: shows [Jc Ks] (Pair of Aces and Pair of Jacks)
a7bce0c6: shows [Qs Qc] (Pair of Aces and Pair of Queens)
*** SHOWDOWN ***
a7bce0c6 collected $2.43 from pot
*** SUMMARY ***
Total pot $2.55 | Rake $0.12 | Jackpot $0 | Bingo $0 | Fortune $0 | Tax $0
Board [Ah Ac 6s Jd 3d]
Seat 1: d44823cc (button) folded on the Turn
Seat 2: Hero (small blind) folded before Flop
Seat 3: d161f56 (big blind) folded before Flop
Seat 4: 28c9ed16 showed [Jc Ks] and lost with Pair of Aces and Pair of Jacks
Seat 5: a7bce0c6 showed [Qs Qc] and won ($2.43) with Pair of Aces and Pair of Queens
Seat 6: 19eeadb9 folded before Flop (didn't bet)


Poker Hand #HD1773499526: Hold'em No Limit ($0.05/$0.1) - 2024/05/15 11:55:26
Table 'NLHRed109' 6-max Seat #6 is the button
Seat 1: d44823cc ($18.01 in chips)
Seat 2: Hero ($10.13 in chips)
Seat 3: d161f56 ($10.52 in chips)
Seat 4: 28c9ed16 ($10.54 in chips)
Seat 5: a7bce0c6 ($2.35 in chips)
Seat 6: 19eeadb9 ($11.16 in chips)
d44823cc: posts small blind $0.05
Hero: posts big blind $0.1
*** HOLE CARDS ***
Dealt to d44823cc 
Dealt to Hero [8s 6d]
Dealt to d161f56 
Dealt to 28c9ed16 
Dealt to a7bce0c6 
Dealt to 19eeadb9 
d161f56: raises $0.12 to $0.22
28c9ed16: folds
a7bce0c6: folds
19eeadb9: calls $0.22
d44823cc: calls $0.17
Hero: folds
*** FLOP *** [9h Kd 3s]
d44823cc: bets $0.26
d161f56: calls $0.26
19eeadb9: folds
*** TURN *** [9h Kd 3s] [6h]
d44823cc: bets $0.43
d161f56: raises $1.05 to $1.48
d44823cc: folds
Uncalled bet ($1.05) returned to d161f56
d44823cc: shows [Ks] (Pair of Kings)
*** SHOWDOWN ***
d161f56 collected $2.04 from pot
*** SUMMARY ***
Total pot $2.14 | Rake $0.1 | Jackpot $0 | Bingo $0 | Fortune $0 | Tax $0
Board [9h Kd 3s 6h]
Seat 1: d44823cc (small blind) folded on the Turn
Seat 2: Hero (big blind) folded before Flop
Seat 3: d161f56 won ($2.04)
Seat 4: 28c9ed16 folded before Flop (didn't bet)
Seat 5: a7bce0c6 folded before Flop (didn't bet)
Seat 6: 19eeadb9 (button) folded on the Flop


Poker Hand #HD1773499509: Hold'em No Limit ($0.05/$0.1) - 2024/05/15 11:55:08
Table 'NLHRed109' 6-max Seat #5 is the button
Seat 1: d44823cc ($18.11 in chips)
Seat 2: Hero ($10.13 in chips)
Seat 3: d161f56 ($10.52 in chips)
Seat 4: 28c9ed16 ($10.54 in chips)
Seat 5: a7bce0c6 ($2.2 in chips)
Seat 6: 19eeadb9 ($11.21 in chips)
19eeadb9: posts small blind $0.05
d44823cc: posts big blind $0.1
*** HOLE CARDS ***
Dealt to d44823cc 
Dealt to Hero [7d 2c]
Dealt to d161f56 
Dealt to 28c9ed16 
Dealt to a7bce0c6 
Dealt to 19eeadb9 
Hero: folds
d161f56: folds
28c9ed16: folds
a7bce0c6: raises $0.1 to $0.2
19eeadb9: folds
d44823cc: folds
Uncalled bet ($0.1) returned to a7bce0c6
*** SHOWDOWN ***
a7bce0c6 collected $0.25 from pot
*** SUMMARY ***
Total pot $0.25 | Rake $0 | Jackpot $0 | Bingo $0 | Fortune $0 | Tax $0
Seat 1: d44823cc (big blind) folded before Flop
Seat 2: Hero folded before Flop (didn't bet)
Seat 3: d161f56 folded before Flop (didn't bet)
Seat 4: 28c9ed16 folded before Flop (didn't bet)
Seat 5: a7bce0c6 (button) collected ($0.25)
Seat 6: 19eeadb9 (small blind) folded before Flop


Poker Hand #HD1773499476: Hold'em No Limit ($0.05/$0.1) - 2024/05/15 11:54:39
Table 'NLHRed109' 6-max Seat #4 is the button
Seat 1: d44823cc ($18.11 in chips)
Seat 2: Hero ($10.13 in chips)
Seat 3: d161f56 ($10.52 in chips)
Seat 4: 28c9ed16 ($10.54 in chips)
Seat 5: a7bce0c6 ($2.25 in chips)
Seat 6: 19eeadb9 ($11.16 in chips)
a7bce0c6: posts small blind $0.05
19eeadb9: posts big blind $0.1
*** HOLE CARDS ***
Dealt to d44823cc 
Dealt to Hero [6h 7d]
Dealt to d161f56 
Dealt to 28c9ed16 
Dealt to a7bce0c6 
Dealt to 19eeadb9 
d44823cc: folds
Hero: folds
d161f56: folds
28c9ed16: folds
a7bce0c6: folds
Uncalled bet ($0.05) returned to 19eeadb9
*** SHOWDOWN ***
19eeadb9 collected $0.1 from pot
*** SUMMARY ***
Total pot $0.1 | Rake $0 | Jackpot $0 | Bingo $0 | Fortune $0 | Tax $0
Seat 1: d44823cc folded before Flop (didn't bet)
Seat 2: Hero folded before Flop (didn't bet)
Seat 3: d161f56 folded before Flop (didn't bet)
Seat 4: 28c9ed16 (button) folded before Flop (didn't bet)
Seat 5: a7bce0c6 (small blind) folded before Flop
Seat 6: 19eeadb9 (big blind) collected ($0.1)


Poker Hand #HD1773499449: Hold'em No Limit ($0.05/$0.1) - 2024/05/15 11:54:14
Table 'NLHRed109' 6-max Seat #3 is the button
Seat 1: d44823cc ($18.21 in chips)
Seat 2: Hero ($10.13 in chips)
Seat 3: d161f56 ($10.28 in chips)
Seat 4: 28c9ed16 ($10.59 in chips)
Seat 5: a7bce0c6 ($2.35 in chips)
Seat 6: 19eeadb9 ($11.16 in chips)
28c9ed16: posts small blind $0.05
a7bce0c6: posts big blind $0.1
*** HOLE CARDS ***
Dealt to d44823cc 
Dealt to Hero [5d Ks]
Dealt to d161f56 
Dealt to 28c9ed16 
Dealt to a7bce0c6 
Dealt to 19eeadb9 
19eeadb9: folds
d44823cc: calls $0.1
Hero: folds
d161f56: raises $0.27 to $0.37
28c9ed16: folds
a7bce0c6: folds
d44823cc: folds
Uncalled bet ($0.27) returned to d161f56
*** SHOWDOWN ***
d161f56 collected $0.34 from pot
*** SUMMARY ***
Total pot $0.35 | Rake $0.01 | Jackpot $0 | Bingo $0 | Fortune $0 | Tax $0
Seat 1: d44823cc folded before Flop
Seat 2: Hero folded before Flop (didn't bet)
Seat 3: d161f56 (button) collected ($0.34)
Seat 4: 28c9ed16 (small blind) folded before Flop
Seat 5: a7bce0c6 (big blind) folded before Flop
Seat 6: 19eeadb9 folded before Flop (didn't bet)


Poker Hand #HD1773499385: Hold'em No Limit ($0.05/$0.1) - 2024/05/15 11:53:22
Table 'NLHRed109' 6-max Seat #2 is the button
Seat 1: d44823cc ($17.24 in chips)
Seat 2: Hero ($10.13 in chips)
Seat 3: d161f56 ($10.33 in chips)
Seat 4: 28c9ed16 ($10.69 in chips)
Seat 5: a7bce0c6 ($2.35 in chips)
Seat 6: 19eeadb9 ($12.08 in chips)
d161f56: posts small blind $0.05
28c9ed16: posts big blind $0.1
*** HOLE CARDS ***
Dealt to d44823cc 
Dealt to Hero [4c 3d]
Dealt to d161f56 
Dealt to 28c9ed16 
Dealt to a7bce0c6 
Dealt to 19eeadb9 
a7bce0c6: folds
19eeadb9: raises $0.12 to $0.22
d44823cc: raises $0.3 to $0.52
Hero: folds
d161f56: folds
28c9ed16: folds
19eeadb9: calls $0.3
*** FLOP *** [Ks 7c Kc]
19eeadb9: checks
d44823cc: checks
*** TURN *** [Ks 7c Kc] [6s]
19eeadb9: checks
d44823cc: bets $0.4
19eeadb9: calls $0.4
*** RIVER *** [Ks 7c Kc 6s] [6d]
19eeadb9: checks
d44823cc: checks
19eeadb9: shows [Jc As] (Pair of Kings and Pair of Sixes)
d44823cc: shows [Qd Qs] (Pair of Kings and Pair of Queens)
*** SHOWDOWN ***
d44823cc collected $1.89 from pot
*** SUMMARY ***
Total pot $1.99 | Rake $0.1 | Jackpot $0 | Bingo $0 | Fortune $0 | Tax $0
Board [Ks 7c Kc 6s 6d]
Seat 1: d44823cc showed [Qd Qs] and won ($1.89) with Pair of Kings and Pair of Queens
Seat 2: Hero (button) folded before Flop (didn't bet)
Seat 3: d161f56 (small blind) folded before Flop
Seat 4: 28c9ed16 (big blind) folded before Flop
Seat 5: a7bce0c6 folded before Flop (didn't bet)
Seat 6: 19eeadb9 showed [Jc As] and lost with Pair of Kings and Pair of Sixes


Poker Hand #HD1773499372: Hold'em No Limit ($0.05/$0.1) - 2024/05/15 11:53:08
Table 'NLHRed109' 6-max Seat #1 is the button
Seat 1: d44823cc ($17.24 in chips)
Seat 2: Hero ($10.18 in chips)
Seat 3: d161f56 ($10.28 in chips)
Seat 4: 28c9ed16 ($10.69 in chips)
Seat 5: a7bce0c6 ($2.35 in chips)
Seat 6: 19eeadb9 ($12.08 in chips)
Hero: posts small blind $0.05
d161f56: posts big blind $0.1
*** HOLE CARDS ***
Dealt to d44823cc 
Dealt to Hero [Jh 3c]
Dealt to d161f56 
Dealt to 28c9ed16 
Dealt to a7bce0c6 
Dealt to 19eeadb9 
28c9ed16: folds
a7bce0c6: folds
19eeadb9: folds
d44823cc: folds
Hero: folds
Uncalled bet ($0.05) returned to d161f56
*** SHOWDOWN ***
d161f56 collected $0.1 from pot
*** SUMMARY ***
Total pot $0.1 | Rake $0 | Jackpot $0 | Bingo $0 | Fortune $0 | Tax $0
Seat 1: d44823cc (button) folded before Flop (didn't bet)
Seat 2: Hero (small blind) folded before Flop
Seat 3: d161f56 (big blind) collected ($0.1)
Seat 4: 28c9ed16 folded before Flop (didn't bet)
Seat 5: a7bce0c6 folded before Flop (didn't bet)
Seat 6: 19eeadb9 folded before Flop (didn't bet)


Poker Hand #HD1773499345: Hold'em No Limit ($0.05/$0.1) - 2024/05/15 11:52:44
Table 'NLHRed109' 6-max Seat #6 is the button
Seat 1: d44823cc ($17.29 in chips)
Seat 2: Hero ($10.28 in chips)
Seat 3: d161f56 ($10.28 in chips)
Seat 4: 28c9ed16 ($11.06 in chips)
Seat 5: a7bce0c6 ($2.35 in chips)
Seat 6: 19eeadb9 ($11.6 in chips)
d44823cc: posts small blind $0.05
Hero: posts big blind $0.1
*** HOLE CARDS ***
Dealt to d44823cc 
Dealt to Hero [Qd 7h]
Dealt to d161f56 
Dealt to 28c9ed16 
Dealt to a7bce0c6 
Dealt to 19eeadb9 
d161f56: folds
28c9ed16: calls $0.1
a7bce0c6: folds
19eeadb9: raises $0.27 to $0.37
d44823cc: folds
Hero: folds
28c9ed16: calls $0.27
*** FLOP *** [Ks 8h 6c]
28c9ed16: checks
19eeadb9: bets $0.23
28c9ed16: folds
Uncalled bet ($0.23) returned to 19eeadb9
*** SHOWDOWN ***
19eeadb9 collected $0.85 from pot
*** SUMMARY ***
Total pot $0.89 | Rake $0.04 | Jackpot $0 | Bingo $0 | Fortune $0 | Tax $0
Board [Ks 8h 6c]
Seat 1: d44823cc (small blind) folded before Flop
Seat 2: Hero (big blind) folded before Flop
Seat 3: d161f56 folded before Flop (didn't bet)
Seat 4: 28c9ed16 folded on the Flop
Seat 5: a7bce0c6 folded before Flop (didn't bet)
Seat 6: 19eeadb9 (button) won ($0.85)


Poker Hand #HD1773499332: Hold'em No Limit ($0.05/$0.1) - 2024/05/15 11:52:27
Table 'NLHRed109' 6-max Seat #5 is the button
Seat 1: d44823cc ($17.39 in chips)
Seat 2: Hero ($10.28 in chips)
Seat 3: d161f56 ($10.28 in chips)
Seat 4: 28c9ed16 ($10.91 in chips)
Seat 5: a7bce0c6 ($2.35 in chips)
Seat 6: 19eeadb9 ($11.65 in chips)
19eeadb9: posts small blind $0.05
d44823cc: posts big blind $0.1
*** HOLE CARDS ***
Dealt to d44823cc 
Dealt to Hero [Ah 6c]
Dealt to d161f56 
Dealt to 28c9ed16 
Dealt to a7bce0c6 
Dealt to 19eeadb9 
Hero: folds
d161f56: folds
28c9ed16: raises $0.25 to $0.35
a7bce0c6: folds
19eeadb9: folds
d44823cc: folds
Uncalled bet ($0.25) returned to 28c9ed16
*** SHOWDOWN ***
28c9ed16 collected $0.25 from pot
*** SUMMARY ***
Total pot $0.25 | Rake $0 | Jackpot $0 | Bingo $0 | Fortune $0 | Tax $0
Seat 1: d44823cc (big blind) folded before Flop
Seat 2: Hero folded before Flop (didn't bet)
Seat 3: d161f56 folded before Flop (didn't bet)
Seat 4: 28c9ed16 collected ($0.25)
Seat 5: a7bce0c6 (button) folded before Flop (didn't bet)
Seat 6: 19eeadb9 (small blind) folded before Flop


Poker Hand #HD1773499301: Hold'em No Limit ($0.05/$0.1) - 2024/05/15 11:51:57
Table 'NLHRed109' 6-max Seat #4 is the button
Seat 1: d44823cc ($17.39 in chips)
Seat 2: Hero ($10.28 in chips)
Seat 3: d161f56 ($10.03 in chips)
Seat 4: 28c9ed16 ($10.91 in chips)
Seat 5: a7bce0c6 ($2.4 in chips)
Seat 6: 19eeadb9 ($11.87 in chips)
a7bce0c6: posts small blind $0.05
19eeadb9: posts big blind $0.1
*** HOLE CARDS ***
Dealt to d44823cc 
Dealt to Hero [7h Td]
Dealt to d161f56 
Dealt to 28c9ed16 
Dealt to a7bce0c6 
Dealt to 19eeadb9 
d44823cc: folds
Hero: folds
d161f56: raises $0.12 to $0.22
28c9ed16: folds
a7bce0c6: folds
19eeadb9: calls $0.12
*** FLOP *** [6c Qc 5d]
19eeadb9: checks
d161f56: bets $0.37
19eeadb9: folds
Uncalled bet ($0.37) returned to d161f56
*** SHOWDOWN ***
d161f56 collected $0.47 from pot
*** SUMMARY ***
Total pot $0.49 | Rake $0.02 | Jackpot $0 | Bingo $0 | Fortune $0 | Tax $0
Board [6c Qc 5d]
Seat 1: d44823cc folded before Flop (didn't bet)
Seat 2: Hero folded before Flop (didn't bet)
Seat 3: d161f56 won ($0.47)
Seat 4: 28c9ed16 (button) folded before Flop (didn't bet)
Seat 5: a7bce0c6 (small blind) folded before Flop
Seat 6: 19eeadb9 (big blind) folded on the Flop


Poker Hand #HD1773499227: Hold'em No Limit ($0.05/$0.1) - 2024/05/15 11:50:55
Table 'NLHRed109' 6-max Seat #3 is the button
Seat 1: d44823cc ($17.39 in chips)
Seat 2: Hero ($10.28 in chips)
Seat 3: d161f56 ($10.03 in chips)
Seat 4: 28c9ed16 ($10.82 in chips)
Seat 5: a7bce0c6 ($2.5 in chips)
Seat 6: 19eeadb9 ($11.87 in chips)
28c9ed16: posts small blind $0.05
a7bce0c6: posts big blind $0.1
*** HOLE CARDS ***
Dealt to d44823cc 
Dealt to Hero [4c 7s]
Dealt to d161f56 
Dealt to 28c9ed16 
Dealt to a7bce0c6 
Dealt to 19eeadb9 
19eeadb9: folds
d44823cc: folds
Hero: folds
d161f56: folds
28c9ed16: calls $0.05
a7bce0c6: checks
*** FLOP *** [Kh 9s 8s]
28c9ed16: checks
a7bce0c6: checks
*** TURN *** [Kh 9s 8s] [3s]
28c9ed16: checks
a7bce0c6: checks
*** RIVER *** [Kh 9s 8s 3s] [Jh]
28c9ed16: bets $0.2
a7bce0c6: folds
Uncalled bet ($0.2) returned to 28c9ed16
*** SHOWDOWN ***
28c9ed16 collected $0.19 from pot
*** SUMMARY ***
Total pot $0.2 | Rake $0.01 | Jackpot $0 | Bingo $0 | Fortune $0 | Tax $0
Board [Kh 9s 8s 3s Jh]
Seat 1: d44823cc folded before Flop (didn't bet)
Seat 2: Hero folded before Flop (didn't bet)
Seat 3: d161f56 (button) folded before Flop (didn't bet)
Seat 4: 28c9ed16 (small blind) won ($0.19)
Seat 5: a7bce0c6 (big blind) folded on the River
Seat 6: 19eeadb9 folded before Flop (didn't bet)


Poker Hand #HD1773499214: Hold'em No Limit ($0.05/$0.1) - 2024/05/15 11:50:40
Table 'NLHRed109' 6-max Seat #2 is the button
Seat 1: d44823cc ($17.39 in chips)
Seat 2: Hero ($10.28 in chips)
Seat 3: d161f56 ($10.08 in chips)
Seat 4: 28c9ed16 ($10.77 in chips)
Seat 5: a7bce0c6 ($2.5 in chips)
Seat 6: 19eeadb9 ($11.87 in chips)
d161f56: posts small blind $0.05
28c9ed16: posts big blind $0.1
*** HOLE CARDS ***
Dealt to d44823cc 
Dealt to Hero [2d 8s]
Dealt to d161f56 
Dealt to 28c9ed16 
Dealt to a7bce0c6 
Dealt to 19eeadb9 
a7bce0c6: folds
19eeadb9: folds
d44823cc: folds
Hero: folds
d161f56: folds
Uncalled bet ($0.05) returned to 28c9ed16
*** SHOWDOWN ***
28c9ed16 collected $0.1 from pot
*** SUMMARY ***
Total pot $0.1 | Rake $0 | Jackpot $0 | Bingo $0 | Fortune $0 | Tax $0
Seat 1: d44823cc folded before Flop (didn't bet)
Seat 2: Hero (button) folded before Flop (didn't bet)
Seat 3: d161f56 (small blind) folded before Flop
Seat 4: 28c9ed16 (big blind) collected ($0.1)
Seat 5: a7bce0c6 folded before Flop (didn't bet)
Seat 6: 19eeadb9 folded before Flop (didn't bet)


Poker Hand #HD1773499177: Hold'em No Limit ($0.05/$0.1) - 2024/05/15 11:50:07
Table 'NLHRed109' 6-max Seat #1 is the button
Seat 1: d44823cc ($17.39 in chips)
Seat 2: Hero ($10 in chips)
Seat 3: d161f56 ($10.18 in chips)
Seat 4: 28c9ed16 ($10.77 in chips)
Seat 5: a7bce0c6 ($2.7 in chips)
Seat 6: 19eeadb9 ($11.87 in chips)
Hero: posts small blind $0.05
d161f56: posts big blind $0.1
*** HOLE CARDS ***
Dealt to d44823cc 
Dealt to Hero [Qs Js]
Dealt to d161f56 
Dealt to 28c9ed16 
Dealt to a7bce0c6 
Dealt to 19eeadb9 
28c9ed16: folds
a7bce0c6: raises $0.1 to $0.2
19eeadb9: folds
d44823cc: folds
Hero: raises $0.8 to $1
d161f56: folds
a7bce0c6: folds
Uncalled bet ($0.8) returned to Hero
*** SHOWDOWN ***
Hero collected $0.48 from pot
*** SUMMARY ***
Total pot $0.5 | Rake $0.02 | Jackpot $0 | Bingo $0 | Fortune $0 | Tax $0
Seat 1: d44823cc (button) folded before Flop (didn't bet)
Seat 2: Hero (small blind) collected ($0.48)
Seat 3: d161f56 (big blind) folded before Flop
Seat 4: 28c9ed16 folded before Flop (didn't bet)
Seat 5: a7bce0c6 folded before Flop
Seat 6: 19eeadb9 folded before Flop (didn't bet)


Poker Hand #HD1773499101: Hold'em No Limit ($0.05/$0.1) - 2024/05/15 11:49:10
Table 'NLHRed109' 6-max Seat #6 is the button
Seat 1: d44823cc ($17.99 in chips)
Seat 2: Hero ($10.08 in chips)
Seat 3: d161f56 ($10.4 in chips)
Seat 4: 28c9ed16 ($10.77 in chips)
Seat 5: a7bce0c6 ($1.85 in chips)
Seat 6: 19eeadb9 ($11.87 in chips)
d44823cc: posts small blind $0.05
Hero: posts big blind $0.1
*** HOLE CARDS ***
Dealt to d44823cc 
Dealt to Hero [6c 9h]
Dealt to d161f56 
Dealt to 28c9ed16 
Dealt to a7bce0c6 
Dealt to 19eeadb9 
d161f56: raises $0.12 to $0.22
28c9ed16: folds
a7bce0c6: calls $0.22
19eeadb9: folds
d44823cc: calls $0.17
Hero: folds
*** FLOP *** [9s Js 3c]
d44823cc: checks
d161f56: checks
a7bce0c6: bets $0.38
d44823cc: calls $0.38
d161f56: folds
*** TURN *** [9s Js 3c] [2h]
d44823cc: checks
a7bce0c6: bets $0.76
d44823cc: folds
Uncalled bet ($0.76) returned to a7bce0c6
*** SHOWDOWN ***
a7bce0c6 collected $1.45 from pot
*** SUMMARY ***
Total pot $1.52 | Rake $0.07 | Jackpot $0 | Bingo $0 | Fortune $0 | Tax $0
Board [9s Js 3c 2h]
Seat 1: d44823cc (small blind) folded on the Turn
Seat 2: Hero (big blind) folded before Flop
Seat 3: d161f56 folded on the Flop
Seat 4: 28c9ed16 folded before Flop (didn't bet)
Seat 5: a7bce0c6 won ($1.45)
Seat 6: 19eeadb9 (button) folded before Flop (didn't bet)


Poker Hand #HD1773499080: Hold'em No Limit ($0.05/$0.1) - 2024/05/15 11:48:49
Table 'NLHRed109' 6-max Seat #5 is the button
Seat 1: d44823cc ($18.09 in chips)
Seat 2: Hero ($10.08 in chips)
Seat 3: d161f56 ($10.4 in chips)
Seat 4: 28c9ed16 ($10.62 in chips)
Seat 5: a7bce0c6 ($1.85 in chips)
Seat 6: 19eeadb9 ($11.92 in chips)
19eeadb9: posts small blind $0.05
d44823cc: posts big blind $0.1
*** HOLE CARDS ***
Dealt to d44823cc 
Dealt to Hero [6c Kc]
Dealt to d161f56 
Dealt to 28c9ed16 
Dealt to a7bce0c6 
Dealt to 19eeadb9 
Hero: folds
d161f56: folds
28c9ed16: raises $0.15 to $0.25
a7bce0c6: folds
19eeadb9: folds
d44823cc: folds
Uncalled bet ($0.15) returned to 28c9ed16
*** SHOWDOWN ***
28c9ed16 collected $0.25 from pot
*** SUMMARY ***
Total pot $0.25 | Rake $0 | Jackpot $0 | Bingo $0 | Fortune $0 | Tax $0
Seat 1: d44823cc (big blind) folded before Flop
Seat 2: Hero folded before Flop (didn't bet)
Seat 3: d161f56 folded before Flop (didn't bet)
Seat 4: 28c9ed16 collected ($0.25)
Seat 5: a7bce0c6 (button) folded before Flop (didn't bet)
Seat 6: 19eeadb9 (small blind) folded before Flop


Poker Hand #HD1773499008: Hold'em No Limit ($0.05/$0.1) - 2024/05/15 11:47:53
Table 'NLHRed109' 6-max Seat #4 is the button
Seat 2: Hero ($10.28 in chips)
Seat 3: d161f56 ($10.4 in chips)
Seat 4: 28c9ed16 ($10.62 in chips)
Seat 5: a7bce0c6 ($1.9 in chips)
Seat 6: 19eeadb9 ($11.69 in chips)
a7bce0c6: posts small blind $0.05
19eeadb9: posts big blind $0.1
*** HOLE CARDS ***
Dealt to Hero [5s 5h]
Dealt to d161f56 
Dealt to 28c9ed16 
Dealt to a7bce0c6 
Dealt to 19eeadb9 
Hero: raises $0.1 to $0.2
d161f56: folds
28c9ed16: folds
a7bce0c6: folds
19eeadb9: calls $0.1
*** FLOP *** [Js Ts Kc]
19eeadb9: checks
Hero: checks
*** TURN *** [Js Ts Kc] [3s]
19eeadb9: checks
Hero: checks
*** RIVER *** [Js Ts Kc 3s] [Jc]
19eeadb9: checks
Hero: checks
19eeadb9: shows [8h Kd] (Pair of Kings and Pair of Jacks)
Hero: shows [5s 5h] (Pair of Jacks and Pair of Fives)
*** SHOWDOWN ***
19eeadb9 collected $0.43 from pot
*** SUMMARY ***
Total pot $0.45 | Rake $0.02 | Jackpot $0 | Bingo $0 | Fortune $0 | Tax $0
Board [Js Ts Kc 3s Jc]
Seat 2: Hero showed [5s 5h] and lost with Pair of Jacks and Pair of Fives
Seat 3: d161f56 folded before Flop (didn't bet)
Seat 4: 28c9ed16 (button) folded before Flop (didn't bet)
Seat 5: a7bce0c6 (small blind) folded before Flop
Seat 6: 19eeadb9 (big blind) showed [8h Kd] and won ($0.43) with Pair of Kings and Pair of Jacks


Poker Hand #HD1773498959: Hold'em No Limit ($0.05/$0.1) - 2024/05/15 11:47:10
Table 'NLHRed109' 6-max Seat #3 is the button
Seat 2: Hero ($10.28 in chips)
Seat 3: d161f56 ($10.1 in chips)
Seat 4: 28c9ed16 ($10.84 in chips)
Seat 5: a7bce0c6 ($2 in chips)
Seat 6: 19eeadb9 ($11.69 in chips)
28c9ed16: posts small blind $0.05
a7bce0c6: posts big blind $0.1
*** HOLE CARDS ***
Dealt to Hero [Qd 8h]
Dealt to d161f56 
Dealt to 28c9ed16 
Dealt to a7bce0c6 
Dealt to 19eeadb9 
19eeadb9: folds
Hero: folds
d161f56: raises $0.12 to $0.22
28c9ed16: calls $0.17
a7bce0c6: folds
*** FLOP *** [2s 9s 8s]
28c9ed16: checks
d161f56: checks
*** TURN *** [2s 9s 8s] [5h]
28c9ed16: checks
d161f56: bets $0.27
28c9ed16: folds
Uncalled bet ($0.27) returned to d161f56
*** SHOWDOWN ***
d161f56 collected $0.52 from pot
*** SUMMARY ***
Total pot $0.54 | Rake $0.02 | Jackpot $0 | Bingo $0 | Fortune $0 | Tax $0
Board [2s 9s 8s 5h]
Seat 2: Hero folded before Flop (didn't bet)
Seat 3: d161f56 (button) won ($0.52)
Seat 4: 28c9ed16 (small blind) folded on the Turn
Seat 5: a7bce0c6 (big blind) folded before Flop
Seat 6: 19eeadb9 folded before Flop (didn't bet)


Poker Hand #HD1773498939: Hold'em No Limit ($0.05/$0.1) - 2024/05/15 11:46:51
Table 'NLHRed109' 6-max Seat #2 is the button
Seat 2: Hero ($10.28 in chips)
Seat 3: d161f56 ($10 in chips)
Seat 4: 28c9ed16 ($10.94 in chips)
Seat 5: 2f439122 ($17.92 in chips)
Seat 6: 19eeadb9 ($11.69 in chips)
d161f56: posts small blind $0.05
28c9ed16: posts big blind $0.1
*** HOLE CARDS ***
Dealt to Hero [8c 7d]
Dealt to d161f56 
Dealt to 28c9ed16 
Dealt to 2f439122 
Dealt to 19eeadb9 
2f439122: folds
19eeadb9: folds
Hero: folds
d161f56: raises $0.2 to $0.3
28c9ed16: folds
Uncalled bet ($0.2) returned to d161f56
*** SHOWDOWN ***
d161f56 collected $0.2 from pot
*** SUMMARY ***
Total pot $0.2 | Rake $0 | Jackpot $0 | Bingo $0 | Fortune $0 | Tax $0
Seat 2: Hero (button) folded before Flop (didn't bet)
Seat 3: d161f56 (small blind) collected ($0.2)
Seat 4: 28c9ed16 (big blind) folded before Flop
Seat 5: 2f439122 folded before Flop (didn't bet)
Seat 6: 19eeadb9 folded before Flop (didn't bet)


Poker Hand #HD1773498888: Hold'em No Limit ($0.05/$0.1) - 2024/05/15 11:46:08
Table 'NLHRed109' 6-max Seat #6 is the button
Seat 2: Hero ($10.33 in chips)
Seat 3: d161f56 ($10.1 in chips)
Seat 4: 28c9ed16 ($9.89 in chips)
Seat 5: 2f439122 ($18.92 in chips)
Seat 6: 19eeadb9 ($11.69 in chips)
Hero: posts small blind $0.05
d161f56: posts big blind $0.1
*** HOLE CARDS ***
Dealt to Hero [Js 5c]
Dealt to d161f56 
Dealt to 28c9ed16 
Dealt to 2f439122 
Dealt to 19eeadb9 
28c9ed16: raises $0.15 to $0.25
2f439122: calls $0.25
19eeadb9: folds
Hero: folds
d161f56: folds
*** FLOP *** [6h 2d Qd]
28c9ed16: bets $0.2
2f439122: calls $0.2
*** TURN *** [6h 2d Qd] [9d]
28c9ed16: checks
2f439122: bets $0.55
28c9ed16: calls $0.55
*** RIVER *** [6h 2d Qd 9d] [4d]
28c9ed16: bets $0.75
2f439122: folds
Uncalled bet ($0.75) returned to 28c9ed16
*** SHOWDOWN ***
28c9ed16 collected $2.05 from pot
*** SUMMARY ***
Total pot $2.15 | Rake $0.1 | Jackpot $0 | Bingo $0 | Fortune $0 | Tax $0
Board [6h 2d Qd 9d 4d]
Seat 2: Hero (small blind) folded before Flop
Seat 3: d161f56 (big blind) folded before Flop
Seat 4: 28c9ed16 won ($2.05)
Seat 5: 2f439122 folded on the River
Seat 6: 19eeadb9 (button) folded before Flop (didn't bet)


Poker Hand #HD1773498827: Hold'em No Limit ($0.05/$0.1) - 2024/05/15 11:45:15
Table 'NLHRed109' 6-max Seat #5 is the button
Seat 1: d44823cc ($18.19 in chips)
Seat 2: Hero ($10 in chips)
Seat 3: d161f56 ($10.1 in chips)
Seat 4: 28c9ed16 ($9.89 in chips)
Seat 5: 2f439122 ($19.12 in chips)
Seat 6: 19eeadb9 ($11.74 in chips)
19eeadb9: posts small blind $0.05
d44823cc: posts big blind $0.1
*** HOLE CARDS ***
Dealt to d44823cc 
Dealt to Hero [Ah Kd]
Dealt to d161f56 
Dealt to 28c9ed16 
Dealt to 2f439122 
Dealt to 19eeadb9 
Hero: raises $0.1 to $0.2
d161f56: folds
28c9ed16: folds
2f439122: calls $0.2
19eeadb9: folds
d44823cc: folds
*** FLOP *** [Qc Ks Kc]
Hero: checks
2f439122: checks
*** TURN *** [Qc Ks Kc] [2d]
Hero: bets $0.19
2f439122: folds
Uncalled bet ($0.19) returned to Hero
*** SHOWDOWN ***
Hero collected $0.53 from pot
*** SUMMARY ***
Total pot $0.55 | Rake $0.02 | Jackpot $0 | Bingo $0 | Fortune $0 | Tax $0
Board [Qc Ks Kc 2d]
Seat 1: d44823cc (big blind) folded before Flop
Seat 2: Hero won ($0.53)
Seat 3: d161f56 folded before Flop (didn't bet)
Seat 4: 28c9ed16 folded before Flop (didn't bet)
Seat 5: 2f439122 (button) folded on the Turn
Seat 6: 19eeadb9 (small blind) folded before Flop


Poker Hand #HD1773498760: Hold'em No Limit ($0.05/$0.1) - 2024/05/15 11:44:17
Table 'NLHRed109' 6-max Seat #4 is the button
Seat 1: d44823cc ($18.29 in chips)
Seat 2: Hero ($10 in chips)
Seat 3: d161f56 ($10.1 in chips)
Seat 4: 28c9ed16 ($9.89 in chips)
Seat 5: 2f439122 ($18.93 in chips)
Seat 6: 19eeadb9 ($11.84 in chips)
2f439122: posts small blind $0.05
19eeadb9: posts big blind $0.1
*** HOLE CARDS ***
Dealt to d44823cc 
Dealt to Hero [4h 5s]
Dealt to d161f56 
Dealt to 28c9ed16 
Dealt to 2f439122 
Dealt to 19eeadb9 
d44823cc: calls $0.1
Hero: folds
d161f56: folds
28c9ed16: folds
2f439122: calls $0.05
19eeadb9: checks
*** FLOP *** [2d 6s 6c]
2f439122: checks
19eeadb9: checks
d44823cc: checks
*** TURN *** [2d 6s 6c] [Ac]
2f439122: checks
19eeadb9: checks
d44823cc: checks
*** RIVER *** [2d 6s 6c Ac] [Jd]
2f439122: checks
19eeadb9: checks
d44823cc: checks
2f439122: shows [Kh Jc] (Pair of Jacks and Pair of Sixes)
19eeadb9: shows [8h Qh] (Pair of Sixes)
d44823cc: shows [Kd 7d] (Pair of Sixes)
*** SHOWDOWN ***
2f439122 collected $0.29 from pot
*** SUMMARY ***
Total pot $0.3 | Rake $0.01 | Jackpot $0 | Bingo $0 | Fortune $0 | Tax $0
Board [2d 6s 6c Ac Jd]
Seat 1: d44823cc showed [Kd 7d] and lost with Pair of Sixes
Seat 2: Hero folded before Flop (didn't bet)
Seat 3: d161f56 folded before Flop (didn't bet)
Seat 4: 28c9ed16 (button) folded before Flop (didn't bet)
Seat 5: 2f439122 (small blind) showed [Kh Jc] and won ($0.29) with Pair of Jacks and Pair of Sixes
Seat 6: 19eeadb9 (big blind) showed [8h Qh] and lost with Pair of Sixes


Poker Hand #HD1773498689: Hold'em No Limit ($0.05/$0.1) - 2024/05/15 11:43:08
Table 'NLHRed109' 6-max Seat #3 is the button
Seat 1: d44823cc ($16.18 in chips)
Seat 2: Hero ($10 in chips)
Seat 3: d161f56 ($10.1 in chips)
Seat 4: 28c9ed16 ($9.94 in chips)
Seat 5: 2f439122 ($21.32 in chips)
Seat 6: 19eeadb9 ($11.84 in chips)
28c9ed16: posts small blind $0.05
2f439122: posts big blind $0.1
*** HOLE CARDS ***
Dealt to d44823cc 
Dealt to Hero [7h 2d]
Dealt to d161f56 
Dealt to 28c9ed16 
Dealt to 2f439122 
Dealt to 19eeadb9 
19eeadb9: folds
d44823cc: calls $0.1
Hero: folds
d161f56: folds
28c9ed16: folds
2f439122: checks
*** FLOP *** [Td 4h Ks]
2f439122: checks
d44823cc: checks
*** TURN *** [Td 4h Ks] [9d]
2f439122: checks
d44823cc: bets $0.13
2f439122: calls $0.13
*** RIVER *** [Td 4h Ks 9d] [Jc]
2f439122: bets $0.55
d44823cc: raises $1.61 to $2.16
2f439122: calls $1.61
d44823cc: shows [Qd Ac] (Aces-High Straight)
2f439122: shows [Qs 8h] (Kings-High Straight)
*** SHOWDOWN ***
d44823cc collected $4.5 from pot
*** SUMMARY ***
Total pot $4.83 | Rake $0.23 | Jackpot $0.1 | Bingo $0 | Fortune $0 | Tax $0
Board [Td 4h Ks 9d Jc]
Seat 1: d44823cc showed [Qd Ac] and won ($4.5) with Aces-High Straight
Seat 2: Hero folded before Flop (didn't bet)
Seat 3: d161f56 (button) folded before Flop (didn't bet)
Seat 4: 28c9ed16 (small blind) folded before Flop
Seat 5: 2f439122 (big blind) showed [Qs 8h] and lost with Kings-High Straight
Seat 6: 19eeadb9 folded before Flop (didn't bet)


Poker Hand #HD1773498674: Hold'em No Limit ($0.05/$0.1) - 2024/05/15 11:42:54
Table 'NLHRed109' 6-max Seat #2 is the button
Seat 1: d44823cc ($16.18 in chips)
Seat 2: Hero ($10 in chips)
Seat 3: d161f56 ($10 in chips)
Seat 4: 28c9ed16 ($10.04 in chips)
Seat 5: 2f439122 ($21.32 in chips)
Seat 6: 19eeadb9 ($11.84 in chips)
d161f56: posts small blind $0.05
28c9ed16: posts big blind $0.1
*** HOLE CARDS ***
Dealt to d44823cc 
Dealt to Hero [2c 8c]
Dealt to d161f56 
Dealt to 28c9ed16 
Dealt to 2f439122 
Dealt to 19eeadb9 
2f439122: folds
19eeadb9: folds
d44823cc: folds
Hero: folds
d161f56: raises $0.2 to $0.3
28c9ed16: folds
Uncalled bet ($0.2) returned to d161f56
*** SHOWDOWN ***
d161f56 collected $0.2 from pot
*** SUMMARY ***
Total pot $0.2 | Rake $0 | Jackpot $0 | Bingo $0 | Fortune $0 | Tax $0
Seat 1: d44823cc folded before Flop (didn't bet)
Seat 2: Hero (button) folded before Flop (didn't bet)
Seat 3: d161f56 (small blind) collected ($0.2)
Seat 4: 28c9ed16 (big blind) folded before Flop
Seat 5: 2f439122 folded before Flop (didn't bet)
Seat 6: 19eeadb9 folded before Flop (didn't bet)


Poker Hand #HD1773498601: Hold'em No Limit ($0.05/$0.1) - 2024/05/15 11:41:57
Table 'NLHRed109' 6-max Seat #1 is the button
Seat 1: d44823cc ($15.85 in chips)
Seat 2: Hero ($10 in chips)
Seat 3: d161f56 ($10 in chips)
Seat 4: 28c9ed16 ($10.24 in chips)
Seat 5: 2f439122 ($21.32 in chips)
Seat 6: 19eeadb9 ($11.84 in chips)
Hero: posts small blind $0.05
d161f56: posts big blind $0.1
*** HOLE CARDS ***
Dealt to d44823cc 
Dealt to Hero [7h Ah]
Dealt to d161f56 
Dealt to 28c9ed16 
Dealt to 2f439122 
Dealt to 19eeadb9 
28c9ed16: calls $0.1
2f439122: folds
19eeadb9: folds
d44823cc: raises $0.1 to $0.2
Hero: folds
d161f56: folds
28c9ed16: calls $0.1
*** FLOP *** [3h Qh 9h]
28c9ed16: checks
d44823cc: checks
*** TURN *** [3h Qh 9h] [5d]
28c9ed16: checks
d44823cc: checks
*** RIVER *** [3h Qh 9h 5d] [9s]
28c9ed16: checks
d44823cc: bets $0.28
28c9ed16: folds
Uncalled bet ($0.28) returned to d44823cc
*** SHOWDOWN ***
d44823cc collected $0.53 from pot
*** SUMMARY ***
Total pot $0.55 | Rake $0.02 | Jackpot $0 | Bingo $0 | Fortune $0 | Tax $0
Board [3h Qh 9h 5d 9s]
Seat 1: d44823cc (button) won ($0.53)
Seat 2: Hero (small blind) folded before Flop
Seat 3: d161f56 (big blind) folded before Flop
Seat 4: 28c9ed16 folded on the River
Seat 5: 2f439122 folded before Flop (didn't bet)
Seat 6: 19eeadb9 folded before Flop (didn't bet)


Poker Hand #HD1773498575: Hold'em No Limit ($0.05/$0.1) - 2024/05/15 11:41:31
Table 'NLHRed109' 6-max Seat #6 is the button
Seat 1: d44823cc ($15.9 in chips)
Seat 2: Hero ($10.21 in chips)
Seat 4: 28c9ed16 ($9.87 in chips)
Seat 5: 2f439122 ($21.32 in chips)
Seat 6: 19eeadb9 ($11.84 in chips)
d44823cc: posts small blind $0.05
Hero: posts big blind $0.1
*** HOLE CARDS ***
Dealt to d44823cc 
Dealt to Hero [4h Ah]
Dealt to 28c9ed16 
Dealt to 2f439122 
Dealt to 19eeadb9 
28c9ed16: raises $0.25 to $0.35
2f439122: folds
19eeadb9: folds
d44823cc: folds
Hero: calls $0.25
*** FLOP *** [Kc Js 6s]
Hero: checks
28c9ed16: bets $0.2
Hero: folds
Uncalled bet ($0.2) returned to 28c9ed16
*** SHOWDOWN ***
28c9ed16 collected $0.72 from pot
*** SUMMARY ***
Total pot $0.75 | Rake $0.03 | Jackpot $0 | Bingo $0 | Fortune $0 | Tax $0
Board [Kc Js 6s]
Seat 1: d44823cc (small blind) folded before Flop
Seat 2: Hero (big blind) folded on the Flop
Seat 4: 28c9ed16 won ($0.72)
Seat 5: 2f439122 folded before Flop (didn't bet)
Seat 6: 19eeadb9 (button) folded before Flop (didn't bet)


Poker Hand #HD1773498543: Hold'em No Limit ($0.05/$0.1) - 2024/05/15 11:40:53
Table 'NLHRed109' 6-max Seat #5 is the button
Seat 1: d44823cc ($16 in chips)
Seat 2: Hero ($10.21 in chips)
Seat 4: 28c9ed16 ($9.87 in chips)
Seat 5: 2f439122 ($21.52 in chips)
Seat 6: 19eeadb9 ($11.56 in chips)
19eeadb9: posts small blind $0.05
d44823cc: posts big blind $0.1
*** HOLE CARDS ***
Dealt to d44823cc 
Dealt to Hero [6h Jc]
Dealt to 28c9ed16 
Dealt to 2f439122 
Dealt to 19eeadb9 
Hero: folds
28c9ed16: folds
2f439122: raises $0.1 to $0.2
19eeadb9: raises $0.8 to $1
d44823cc: folds
2f439122: folds
Uncalled bet ($0.8) returned to 19eeadb9
*** SHOWDOWN ***
19eeadb9 collected $0.48 from pot
*** SUMMARY ***
Total pot $0.5 | Rake $0.02 | Jackpot $0 | Bingo $0 | Fortune $0 | Tax $0
Seat 1: d44823cc (big blind) folded before Flop
Seat 2: Hero folded before Flop (didn't bet)
Seat 4: 28c9ed16 folded before Flop (didn't bet)
Seat 5: 2f439122 (button) folded before Flop
Seat 6: 19eeadb9 (small blind) collected ($0.48)


Poker Hand #HD1773498526: Hold'em No Limit ($0.05/$0.1) - 2024/05/15 11:40:45
Table 'NLHRed109' 6-max Seat #4 is the button
Seat 1: d44823cc ($16 in chips)
Seat 2: Hero ($10.21 in chips)
Seat 4: 28c9ed16 ($9.87 in chips)
Seat 5: 2f439122 ($21.57 in chips)
Seat 6: 19eeadb9 ($11.51 in chips)
2f439122: posts small blind $0.05
19eeadb9: posts big blind $0.1
*** HOLE CARDS ***
Dealt to d44823cc 
Dealt to Hero [4h Ks]
Dealt to 28c9ed16 
Dealt to 2f439122 
Dealt to 19eeadb9 
d44823cc: folds
Hero: folds
28c9ed16: folds
2f439122: folds
Uncalled bet ($0.05) returned to 19eeadb9
*** SHOWDOWN ***
19eeadb9 collected $0.1 from pot
*** SUMMARY ***
Total pot $0.1 | Rake $0 | Jackpot $0 | Bingo $0 | Fortune $0 | Tax $0
Seat 1: d44823cc folded before Flop (didn't bet)
Seat 2: Hero folded before Flop (didn't bet)
Seat 4: 28c9ed16 (button) folded before Flop (didn't bet)
Seat 5: 2f439122 (small blind) folded before Flop
Seat 6: 19eeadb9 (big blind) collected ($0.1)


Poker Hand #HD1773498505: Hold'em No Limit ($0.05/$0.1) - 2024/05/15 11:40:28
Table 'NLHRed109' 6-max Seat #2 is the button
Seat 1: d44823cc ($16 in chips)
Seat 2: Hero ($10.21 in chips)
Seat 3: 75b41237 ($16.71 in chips)
Seat 4: 28c9ed16 ($9.82 in chips)
Seat 5: 2f439122 ($21.57 in chips)
Seat 6: 19eeadb9 ($11.51 in chips)
75b41237: posts small blind $0.05
28c9ed16: posts big blind $0.1
*** HOLE CARDS ***
Dealt to d44823cc 
Dealt to Hero [Js 9h]
Dealt to 75b41237 
Dealt to 28c9ed16 
Dealt to 2f439122 
Dealt to 19eeadb9 
2f439122: folds
19eeadb9: folds
d44823cc: folds
Hero: folds
75b41237: folds
Uncalled bet ($0.05) returned to 28c9ed16
*** SHOWDOWN ***
28c9ed16 collected $0.1 from pot
*** SUMMARY ***
Total pot $0.1 | Rake $0 | Jackpot $0 | Bingo $0 | Fortune $0 | Tax $0
Seat 1: d44823cc folded before Flop (didn't bet)
Seat 2: Hero (button) folded before Flop (didn't bet)
Seat 3: 75b41237 (small blind) folded before Flop
Seat 4: 28c9ed16 (big blind) collected ($0.1)
Seat 5: 2f439122 folded before Flop (didn't bet)
Seat 6: 19eeadb9 folded before Flop (didn't bet)


Poker Hand #HD1773498441: Hold'em No Limit ($0.05/$0.1) - 2024/05/15 11:39:37
Table 'NLHRed109' 6-max Seat #1 is the button
Seat 1: d44823cc ($15.38 in chips)
Seat 2: Hero ($10.26 in chips)
Seat 3: 75b41237 ($17.34 in chips)
Seat 4: 28c9ed16 ($9.82 in chips)
Seat 5: 2f439122 ($21.57 in chips)
Seat 6: 19eeadb9 ($11.51 in chips)
Hero: posts small blind $0.05
75b41237: posts big blind $0.1
*** HOLE CARDS ***
Dealt to d44823cc 
Dealt to Hero [4d 7h]
Dealt to 75b41237 
Dealt to 28c9ed16 
Dealt to 2f439122 
Dealt to 19eeadb9 
28c9ed16: folds
2f439122: folds
19eeadb9: folds
d44823cc: calls $0.1
Hero: folds
75b41237: checks
*** FLOP *** [Jh 7c Qh]
75b41237: checks
d44823cc: bets $0.1
75b41237: calls $0.1
*** TURN *** [Jh 7c Qh] [Kc]
75b41237: checks
d44823cc: bets $0.1
75b41237: calls $0.1
*** RIVER *** [Jh 7c Qh Kc] [5c]
75b41237: checks
d44823cc: bets $0.33
75b41237: calls $0.33
d44823cc: shows [Qd 5d] (Pair of Queens and Pair of Fives)
75b41237: shows [Qs 2c] (Pair of Queens)
*** SHOWDOWN ***
d44823cc collected $1.25 from pot
*** SUMMARY ***
Total pot $1.31 | Rake $0.06 | Jackpot $0 | Bingo $0 | Fortune $0 | Tax $0
Board [Jh 7c Qh Kc 5c]
Seat 1: d44823cc (button) showed [Qd 5d] and won ($1.25) with Pair of Queens and Pair of Fives
Seat 2: Hero (small blind) folded before Flop
Seat 3: 75b41237 (big blind) showed [Qs 2c] and lost with Pair of Queens
Seat 4: 28c9ed16 folded before Flop (didn't bet)
Seat 5: 2f439122 folded before Flop (didn't bet)
Seat 6: 19eeadb9 folded before Flop (didn't bet)


Poker Hand #HD1773498391: Hold'em No Limit ($0.05/$0.1) - 2024/05/15 11:38:51
Table 'NLHRed109' 6-max Seat #6 is the button
Seat 1: d44823cc ($15.1 in chips)
Seat 2: Hero ($10.36 in chips)
Seat 3: 75b41237 ($17.34 in chips)
Seat 4: 28c9ed16 ($9.82 in chips)
Seat 5: 2f439122 ($21.77 in chips)
Seat 6: 19eeadb9 ($11.51 in chips)
d44823cc: posts small blind $0.05
Hero: posts big blind $0.1
*** HOLE CARDS ***
Dealt to d44823cc 
Dealt to Hero [6h Ks]
Dealt to 75b41237 
Dealt to 28c9ed16 
Dealt to 2f439122 
Dealt to 19eeadb9 
75b41237: folds
28c9ed16: folds
2f439122: raises $0.1 to $0.2
19eeadb9: folds
d44823cc: calls $0.15
Hero: folds
*** FLOP *** [3h Tc Qc]
d44823cc: checks
2f439122: checks
*** TURN *** [3h Tc Qc] [Kc]
d44823cc: checks
2f439122: checks
*** RIVER *** [3h Tc Qc Kc] [3s]
d44823cc: bets $0.25
2f439122: folds
Uncalled bet ($0.25) returned to d44823cc
*** SHOWDOWN ***
d44823cc collected $0.48 from pot
*** SUMMARY ***
Total pot $0.5 | Rake $0.02 | Jackpot $0 | Bingo $0 | Fortune $0 | Tax $0
Board [3h Tc Qc Kc 3s]
Seat 1: d44823cc (small blind) won ($0.48)
Seat 2: Hero (big blind) folded before Flop
Seat 3: 75b41237 folded before Flop (didn't bet)
Seat 4: 28c9ed16 folded before Flop (didn't bet)
Seat 5: 2f439122 folded on the River
Seat 6: 19eeadb9 (button) folded before Flop (didn't bet)


Poker Hand #HD1773498367: Hold'em No Limit ($0.05/$0.1) - 2024/05/15 11:38:30
Table 'NLHRed109' 6-max Seat #5 is the button
Seat 1: d44823cc ($15.05 in chips)
Seat 2: Hero ($10.36 in chips)
Seat 3: 75b41237 ($17.34 in chips)
Seat 4: 28c9ed16 ($9.82 in chips)
Seat 5: 2f439122 ($21.77 in chips)
Seat 6: 19eeadb9 ($11.56 in chips)
19eeadb9: posts small blind $0.05
d44823cc: posts big blind $0.1
*** HOLE CARDS ***
Dealt to d44823cc 
Dealt to Hero [9d 5d]
Dealt to 75b41237 
Dealt to 28c9ed16 
Dealt to 2f439122 
Dealt to 19eeadb9 
Hero: folds
75b41237: folds
28c9ed16: folds
2f439122: folds
19eeadb9: folds
Uncalled bet ($0.05) returned to d44823cc
*** SHOWDOWN ***
d44823cc collected $0.1 from pot
*** SUMMARY ***
Total pot $0.1 | Rake $0 | Jackpot $0 | Bingo $0 | Fortune $0 | Tax $0
Seat 1: d44823cc (big blind) collected ($0.1)
Seat 2: Hero folded before Flop (didn't bet)
Seat 3: 75b41237 folded before Flop (didn't bet)
Seat 4: 28c9ed16 folded before Flop (didn't bet)
Seat 5: 2f439122 (button) folded before Flop (didn't bet)
Seat 6: 19eeadb9 (small blind) folded before Flop


Poker Hand #HD1773498336: Hold'em No Limit ($0.05/$0.1) - 2024/05/15 11:38:06
Table 'NLHRed109' 6-max Seat #4 is the button
Seat 1: d44823cc ($15.05 in chips)
Seat 2: Hero ($10.36 in chips)
Seat 3: 75b41237 ($17.34 in chips)
Seat 4: 28c9ed16 ($9.82 in chips)
Seat 5: 2f439122 ($21.67 in chips)
Seat 6: 19eeadb9 ($11.66 in chips)
2f439122: posts small blind $0.05
19eeadb9: posts big blind $0.1
*** HOLE CARDS ***
Dealt to d44823cc 
Dealt to Hero [Td As]
Dealt to 75b41237 
Dealt to 28c9ed16 
Dealt to 2f439122 
Dealt to 19eeadb9 
d44823cc: folds
Hero: folds
75b41237: folds
28c9ed16: folds
2f439122: raises $0.1 to $0.2
19eeadb9: folds
Uncalled bet ($0.1) returned to 2f439122
*** SHOWDOWN ***
2f439122 collected $0.2 from pot
*** SUMMARY ***
Total pot $0.2 | Rake $0 | Jackpot $0 | Bingo $0 | Fortune $0 | Tax $0
Seat 1: d44823cc folded before Flop (didn't bet)
Seat 2: Hero folded before Flop (didn't bet)
Seat 3: 75b41237 folded before Flop (didn't bet)
Seat 4: 28c9ed16 (button) folded before Flop (didn't bet)
Seat 5: 2f439122 (small blind) collected ($0.2)
Seat 6: 19eeadb9 (big blind) folded before Flop


Poker Hand #HD1773498311: Hold'em No Limit ($0.05/$0.1) - 2024/05/15 11:37:46
Table 'NLHRed109' 6-max Seat #3 is the button
Seat 1: d44823cc ($15.05 in chips)
Seat 2: Hero ($10.36 in chips)
Seat 3: 75b41237 ($17.07 in chips)
Seat 4: 28c9ed16 ($9.87 in chips)
Seat 5: 2f439122 ($21.91 in chips)
Seat 6: 19eeadb9 ($11.66 in chips)
28c9ed16: posts small blind $0.05
2f439122: posts big blind $0.1
*** HOLE CARDS ***
Dealt to d44823cc 
Dealt to Hero [Kd 7d]
Dealt to 75b41237 
Dealt to 28c9ed16 
Dealt to 2f439122 
Dealt to 19eeadb9 
19eeadb9: folds
d44823cc: folds
Hero: folds
75b41237: raises $0.14 to $0.24
28c9ed16: folds
2f439122: calls $0.14
*** FLOP *** [7c 3d 4c]
2f439122: checks
75b41237: bets $0.27
2f439122: folds
Uncalled bet ($0.27) returned to 75b41237
*** SHOWDOWN ***
75b41237 collected $0.51 from pot
*** SUMMARY ***
Total pot $0.53 | Rake $0.02 | Jackpot $0 | Bingo $0 | Fortune $0 | Tax $0
Board [7c 3d 4c]
Seat 1: d44823cc folded before Flop (didn't bet)
Seat 2: Hero folded before Flop (didn't bet)
Seat 3: 75b41237 (button) won ($0.51)
Seat 4: 28c9ed16 (small blind) folded before Flop
Seat 5: 2f439122 (big blind) folded on the Flop
Seat 6: 19eeadb9 folded before Flop (didn't bet)


Poker Hand #HD1773498246: Hold'em No Limit ($0.05/$0.1) - 2024/05/15 11:36:49
Table 'NLHRed109' 6-max Seat #2 is the button
Seat 1: d44823cc ($15.67 in chips)
Seat 2: Hero ($10.36 in chips)
Seat 3: 75b41237 ($17.12 in chips)
Seat 4: 28c9ed16 ($9.97 in chips)
Seat 5: 2f439122 ($23.04 in chips)
Seat 6: 19eeadb9 ($10 in chips)
75b41237: posts small blind $0.05
28c9ed16: posts big blind $0.1
*** HOLE CARDS ***
Dealt to d44823cc 
Dealt to Hero [3c 4s]
Dealt to 75b41237 
Dealt to 28c9ed16 
Dealt to 2f439122 
Dealt to 19eeadb9 
2f439122: raises $0.1 to $0.2
19eeadb9: raises $0.42 to $0.62
d44823cc: calls $0.62
Hero: folds
75b41237: folds
28c9ed16: folds
2f439122: calls $0.42
*** FLOP *** [8h Kc 8s]
2f439122: checks
19eeadb9: bets $0.51
d44823cc: folds
2f439122: calls $0.51
*** TURN *** [8h Kc 8s] [2h]
2f439122: checks
19eeadb9: bets $2.28
2f439122: folds
Uncalled bet ($2.28) returned to 19eeadb9
*** SHOWDOWN ***
19eeadb9 collected $2.79 from pot
*** SUMMARY ***
Total pot $3.03 | Rake $0.14 | Jackpot $0.1 | Bingo $0 | Fortune $0 | Tax $0
Board [8h Kc 8s 2h]
Seat 1: d44823cc folded on the Flop
Seat 2: Hero (button) folded before Flop (didn't bet)
Seat 3: 75b41237 (small blind) folded before Flop
Seat 4: 28c9ed16 (big blind) folded before Flop
Seat 5: 2f439122 folded on the Turn
Seat 6: 19eeadb9 won ($2.79)


Poker Hand #HD1773498217: Hold'em No Limit ($0.05/$0.1) - 2024/05/15 11:36:18
Table 'NLHRed109' 6-max Seat #1 is the button
Seat 1: d44823cc ($15.67 in chips)
Seat 2: Hero ($10.41 in chips)
Seat 3: 75b41237 ($16.87 in chips)
Seat 4: 28c9ed16 ($9.97 in chips)
Seat 5: 2f439122 ($23.04 in chips)
Seat 6: 19eeadb9 ($10 in chips)
Hero: posts small blind $0.05
75b41237: posts big blind $0.1
*** HOLE CARDS ***
Dealt to d44823cc 
Dealt to Hero [Ah 8d]
Dealt to 75b41237 
Dealt to 28c9ed16 
Dealt to 2f439122 
Dealt to 19eeadb9 
28c9ed16: folds
2f439122: folds
19eeadb9: raises $0.12 to $0.22
d44823cc: folds
Hero: folds
75b41237: calls $0.12
*** FLOP *** [8h Jh 4d]
75b41237: checks
19eeadb9: checks
*** TURN *** [8h Jh 4d] [8c]
75b41237: checks
19eeadb9: checks
*** RIVER *** [8h Jh 4d 8c] [Ad]
75b41237: checks
19eeadb9: checks
75b41237: shows [Ac 5h] (Pair of Aces and Pair of Eights)
19eeadb9: shows [7d 6d] (Pair of Eights)
*** SHOWDOWN ***
75b41237 collected $0.47 from pot
*** SUMMARY ***
Total pot $0.49 | Rake $0.02 | Jackpot $0 | Bingo $0 | Fortune $0 | Tax $0
Board [8h Jh 4d 8c Ad]
Seat 1: d44823cc (button) folded before Flop (didn't bet)
Seat 2: Hero (small blind) folded before Flop
Seat 3: 75b41237 (big blind) showed [Ac 5h] and won ($0.47) with Pair of Aces and Pair of Eights
Seat 4: 28c9ed16 folded before Flop (didn't bet)
Seat 5: 2f439122 folded before Flop (didn't bet)
Seat 6: 19eeadb9 showed [7d 6d] and lost with Pair of Eights


Poker Hand #HD1773498168: Hold'em No Limit ($0.05/$0.1) - 2024/05/15 11:35:33
Table 'NLHRed109' 6-max Seat #6 is the button
Seat 1: d44823cc ($15.89 in chips)
Seat 2: Hero ($10 in chips)
Seat 3: 75b41237 ($16.87 in chips)
Seat 4: 28c9ed16 ($9.97 in chips)
Seat 5: 2f439122 ($23.04 in chips)
Seat 6: 19eeadb9 ($10 in chips)
d44823cc: posts small blind $0.05
Hero: posts big blind $0.1
*** HOLE CARDS ***
Dealt to d44823cc 
Dealt to Hero [Qd Th]
Dealt to 75b41237 
Dealt to 28c9ed16 
Dealt to 2f439122 
Dealt to 19eeadb9 
75b41237: folds
28c9ed16: folds
2f439122: folds
19eeadb9: raises $0.12 to $0.22
d44823cc: calls $0.17
Hero: calls $0.12
*** FLOP *** [3d 4h Kh]
d44823cc: checks
Hero: checks
19eeadb9: checks
*** TURN *** [3d 4h Kh] [9d]
d44823cc: checks
Hero: bets $0.3
19eeadb9: folds
d44823cc: folds
Uncalled bet ($0.3) returned to Hero
*** SHOWDOWN ***
Hero collected $0.63 from pot
*** SUMMARY ***
Total pot $0.66 | Rake $0.03 | Jackpot $0 | Bingo $0 | Fortune $0 | Tax $0
Board [3d 4h Kh 9d]
Seat 1: d44823cc (small blind) folded on the Turn
Seat 2: Hero (big blind) won ($0.63)
Seat 3: 75b41237 folded before Flop (didn't bet)
Seat 4: 28c9ed16 folded before Flop (didn't bet)
Seat 5: 2f439122 folded before Flop (didn't bet)
Seat 6: 19eeadb9 (button) folded on the Turn


Poker Hand #HD1773498108: Hold'em No Limit ($0.05/$0.1) - 2024/05/15 11:34:34
Table 'NLHRed109' 6-max Seat #5 is the button
Seat 1: d44823cc ($15.99 in chips)
Seat 2: Hero ($10 in chips)
Seat 3: 75b41237 ($30.17 in chips)
Seat 4: 28c9ed16 ($9.97 in chips)
Seat 5: 2f439122 ($13.3 in chips)
Seat 6: 19eeadb9 ($10 in chips)
19eeadb9: posts small blind $0.05
d44823cc: posts big blind $0.1
*** HOLE CARDS ***
Dealt to d44823cc 
Dealt to Hero [5s 2s]
Dealt to 75b41237 
Dealt to 28c9ed16 
Dealt to 2f439122 
Dealt to 19eeadb9 
Hero: folds
75b41237: raises $0.14 to $0.24
28c9ed16: folds
2f439122: calls $0.24
19eeadb9: calls $0.19
d44823cc: folds
*** FLOP *** [Ac Jd 2c]
19eeadb9: checks
75b41237: bets $0.41
2f439122: raises $12.65 to $13.06 and is all-in
19eeadb9: folds
75b41237: calls $12.65
2f439122: shows [Ah Jc] (Pair of Aces and Pair of Jacks)
75b41237: shows [Kd As] (Pair of Aces)
2f439122: Chooses to EV Cashout 
*** TURN *** [Ac Jd 2c] [9d]
2f439122: Pays Cashout Risk ($1.33)
2f439122: Chooses to EV Cashout 
*** RIVER *** [Ac Jd 2c 9d] [5c]
2f439122: Pays Cashout Risk ($1.47)
*** SHOWDOWN ***
2f439122 collected $25.84 from pot
*** SUMMARY ***
Total pot $26.94 | Rake $1 | Jackpot $0.1 | Bingo $0 | Fortune $0 | Tax $0
Board [Ac Jd 2c 9d 5c]
Seat 1: d44823cc (big blind) folded before Flop
Seat 2: Hero folded before Flop (didn't bet)
Seat 3: 75b41237 showed [Kd As] and lost with Pair of Aces
Seat 4: 28c9ed16 folded before Flop (didn't bet)
Seat 5: 2f439122 (button) showed [Ah Jc] and won ($25.84) with Pair of Aces and Pair of Jacks, Cashout Risk ($2.8)
Seat 6: 19eeadb9 (small blind) folded on the Flop


Poker Hand #HD1773498036: Hold'em No Limit ($0.05/$0.1) - 2024/05/15 11:33:34
Table 'NLHRed109' 6-max Seat #4 is the button
Seat 1: d44823cc ($14.89 in chips)
Seat 2: Hero ($10 in chips)
Seat 3: 75b41237 ($30.17 in chips)
Seat 4: 28c9ed16 ($10.77 in chips)
Seat 5: 2f439122 ($13.6 in chips)
Seat 6: 19eeadb9 ($10 in chips)
2f439122: posts small blind $0.05
19eeadb9: posts big blind $0.1
*** HOLE CARDS ***
Dealt to d44823cc 
Dealt to Hero [6s Ah]
Dealt to 75b41237 
Dealt to 28c9ed16 
Dealt to 2f439122 
Dealt to 19eeadb9 
d44823cc: raises $0.2 to $0.3
Hero: folds
75b41237: folds
28c9ed16: calls $0.3
2f439122: calls $0.25
19eeadb9: folds
*** FLOP *** [Kc 6c Ks]
2f439122: checks
d44823cc: checks
28c9ed16: bets $0.25
2f439122: folds
d44823cc: raises $0.25 to $0.5
28c9ed16: calls $0.25
*** TURN *** [Kc 6c Ks] [Ts]
d44823cc: bets $1.5
28c9ed16: folds
Uncalled bet ($1.5) returned to d44823cc
*** SHOWDOWN ***
d44823cc collected $1.9 from pot
*** SUMMARY ***
Total pot $2 | Rake $0.1 | Jackpot $0 | Bingo $0 | Fortune $0 | Tax $0
Board [Kc 6c Ks Ts]
Seat 1: d44823cc won ($1.9)
Seat 2: Hero folded before Flop (didn't bet)
Seat 3: 75b41237 folded before Flop (didn't bet)
Seat 4: 28c9ed16 (button) folded on the Turn
Seat 5: 2f439122 (small blind) folded on the Flop
Seat 6: 19eeadb9 (big blind) folded before Flop


Poker Hand #HD1773497981: Hold'em No Limit ($0.05/$0.1) - 2024/05/15 11:32:44
Table 'NLHRed109' 6-max Seat #3 is the button
Seat 1: d44823cc ($13.23 in chips)
Seat 2: Hero ($10 in chips)
Seat 3: 75b41237 ($31.96 in chips)
Seat 4: 28c9ed16 ($10.82 in chips)
Seat 5: 2f439122 ($13.7 in chips)
Seat 6: 19eeadb9 ($10 in chips)
28c9ed16: posts small blind $0.05
2f439122: posts big blind $0.1
*** HOLE CARDS ***
Dealt to d44823cc 
Dealt to Hero [9c 3h]
Dealt to 75b41237 
Dealt to 28c9ed16 
Dealt to 2f439122 
Dealt to 19eeadb9 
19eeadb9: folds
d44823cc: raises $0.1 to $0.2
Hero: folds
75b41237: calls $0.2
28c9ed16: folds
2f439122: folds
*** FLOP *** [Ac 3c 7d]
d44823cc: checks
75b41237: bets $0.19
d44823cc: calls $0.19
*** TURN *** [Ac 3c 7d] [2d]
d44823cc: checks
75b41237: bets $1.4
d44823cc: calls $1.4
*** RIVER *** [Ac 3c 7d 2d] [Th]
d44823cc: checks
75b41237: checks
d44823cc: shows [Kd Td] (Pair of Tens)
75b41237: shows [Kc 7c] (Pair of Sevens)
*** SHOWDOWN ***
d44823cc collected $3.45 from pot
*** SUMMARY ***
Total pot $3.73 | Rake $0.18 | Jackpot $0.1 | Bingo $0 | Fortune $0 | Tax $0
Board [Ac 3c 7d 2d Th]
Seat 1: d44823cc showed [Kd Td] and won ($3.45) with Pair of Tens
Seat 2: Hero folded before Flop (didn't bet)
Seat 3: 75b41237 (button) showed [Kc 7c] and lost with Pair of Sevens
Seat 4: 28c9ed16 (small blind) folded before Flop
Seat 5: 2f439122 (big blind) folded before Flop
Seat 6: 19eeadb9 folded before Flop (didn't bet)


Poker Hand #HD1773497936: Hold'em No Limit ($0.05/$0.1) - 2024/05/15 11:32:01
Table 'NLHRed109' 6-max Seat #2 is the button
Seat 1: d44823cc ($13.98 in chips)
Seat 2: Hero ($10 in chips)
Seat 3: 75b41237 ($32.01 in chips)
Seat 4: 28c9ed16 ($9.71 in chips)
Seat 5: 2f439122 ($13.7 in chips)
Seat 6: 19eeadb9 ($10 in chips)
75b41237: posts small blind $0.05
28c9ed16: posts big blind $0.1
*** HOLE CARDS ***
Dealt to d44823cc 
Dealt to Hero [Th Ad]
Dealt to 75b41237 
Dealt to 28c9ed16 
Dealt to 2f439122 
Dealt to 19eeadb9 
2f439122: folds
19eeadb9: folds
d44823cc: calls $0.1
Hero: raises $0.3 to $0.4
75b41237: folds
28c9ed16: calls $0.3
d44823cc: calls $0.3
*** FLOP *** [6d 8d Qh]
28c9ed16: bets $0.35
d44823cc: calls $0.35
Hero: folds
*** TURN *** [6d 8d Qh] [3c]
28c9ed16: bets $0.65
d44823cc: folds
Uncalled bet ($0.65) returned to 28c9ed16
*** SHOWDOWN ***
28c9ed16 collected $1.86 from pot
*** SUMMARY ***
Total pot $1.95 | Rake $0.09 | Jackpot $0 | Bingo $0 | Fortune $0 | Tax $0
Board [6d 8d Qh 3c]
Seat 1: d44823cc folded on the Turn
Seat 2: Hero (button) folded on the Flop
Seat 3: 75b41237 (small blind) folded before Flop
Seat 4: 28c9ed16 (big blind) won ($1.86)
Seat 5: 2f439122 folded before Flop (didn't bet)
Seat 6: 19eeadb9 folded before Flop (didn't bet)


Poker Hand #HD1773497870: Hold'em No Limit ($0.05/$0.1) - 2024/05/15 11:31:03
Table 'NLHRed109' 6-max Seat #1 is the button
Seat 1: d44823cc ($12.77 in chips)
Seat 2: Hero ($10 in chips)
Seat 3: 75b41237 ($33.07 in chips)
Seat 4: 28c9ed16 ($9.71 in chips)
Seat 5: 2f439122 ($13.7 in chips)
Seat 6: 19eeadb9 ($10 in chips)
Hero: posts small blind $0.05
75b41237: posts big blind $0.1
*** HOLE CARDS ***
Dealt to d44823cc 
Dealt to Hero [Qs 6h]
Dealt to 75b41237 
Dealt to 28c9ed16 
Dealt to 2f439122 
Dealt to 19eeadb9 
28c9ed16: folds
2f439122: folds
19eeadb9: raises $0.12 to $0.22
d44823cc: calls $0.22
Hero: folds
75b41237: calls $0.12
*** FLOP *** [3d 7c 8h]
75b41237: checks
19eeadb9: checks
d44823cc: checks
*** TURN *** [3d 7c 8h] [9c]
75b41237: bets $0.24
19eeadb9: folds
d44823cc: calls $0.24
*** RIVER *** [3d 7c 8h 9c] [4h]
75b41237: bets $0.6
d44823cc: calls $0.6
75b41237: shows [Qc Jc] (Queen-High)
d44823cc: shows [9d Kc] (Pair of Nines)
*** SHOWDOWN ***
d44823cc collected $2.27 from pot
*** SUMMARY ***
Total pot $2.39 | Rake $0.12 | Jackpot $0 | Bingo $0 | Fortune $0 | Tax $0
Board [3d 7c 8h 9c 4h]
Seat 1: d44823cc (button) showed [9d Kc] and won ($2.27) with Pair of Nines
Seat 2: Hero (small blind) folded before Flop
Seat 3: 75b41237 (big blind) showed [Qc Jc] and lost with Queen-High
Seat 4: 28c9ed16 folded before Flop (didn't bet)
Seat 5: 2f439122 folded before Flop (didn't bet)
Seat 6: 19eeadb9 folded on the Turn


Poker Hand #HD1773497847: Hold'em No Limit ($0.05/$0.1) - 2024/05/15 11:30:42
Table 'NLHRed109' 6-max Seat #6 is the button
Seat 1: d44823cc ($13.01 in chips)
Seat 2: Hero ($10 in chips)
Seat 3: 75b41237 ($32.75 in chips)
Seat 4: 28c9ed16 ($9.71 in chips)
Seat 5: 2f439122 ($13.7 in chips)
Seat 6: 19eeadb9 ($10 in chips)
d44823cc: posts small blind $0.05
Hero: posts big blind $0.1
*** HOLE CARDS ***
Dealt to d44823cc 
Dealt to Hero [6h Ts]
Dealt to 75b41237 
Dealt to 28c9ed16 
Dealt to 2f439122 
Dealt to 19eeadb9 
75b41237: raises $0.14 to $0.24
28c9ed16: folds
2f439122: folds
19eeadb9: folds
d44823cc: calls $0.19
Hero: folds
*** FLOP *** [Ah Kh 7c]
d44823cc: checks
75b41237: bets $0.2
d44823cc: folds
Uncalled bet ($0.2) returned to 75b41237
*** SHOWDOWN ***
75b41237 collected $0.56 from pot
*** SUMMARY ***
Total pot $0.58 | Rake $0.02 | Jackpot $0 | Bingo $0 | Fortune $0 | Tax $0
Board [Ah Kh 7c]
Seat 1: d44823cc (small blind) folded on the Flop
Seat 2: Hero (big blind) folded before Flop
Seat 3: 75b41237 won ($0.56)
Seat 4: 28c9ed16 folded before Flop (didn't bet)
Seat 5: 2f439122 folded before Flop (didn't bet)
Seat 6: 19eeadb9 (button) folded before Flop (didn't bet)


Poker Hand #HD1773497829: Hold'em No Limit ($0.05/$0.1) - 2024/05/15 11:30:31
Table 'NLHRed109' 6-max Seat #5 is the button
Seat 1: d44823cc ($12.96 in chips)
Seat 2: Hero ($10 in chips)
Seat 3: 75b41237 ($32.75 in chips)
Seat 4: 28c9ed16 ($9.71 in chips)
Seat 5: 2f439122 ($13.7 in chips)
Seat 6: 19eeadb9 ($10.05 in chips)
19eeadb9: posts small blind $0.05
d44823cc: posts big blind $0.1
*** HOLE CARDS ***
Dealt to d44823cc 
Dealt to Hero [Kh 5d]
Dealt to 75b41237 
Dealt to 28c9ed16 
Dealt to 2f439122 
Dealt to 19eeadb9 
Hero: folds
75b41237: folds
28c9ed16: folds
2f439122: folds
19eeadb9: folds
Uncalled bet ($0.05) returned to d44823cc
*** SHOWDOWN ***
d44823cc collected $0.1 from pot
*** SUMMARY ***
Total pot $0.1 | Rake $0 | Jackpot $0 | Bingo $0 | Fortune $0 | Tax $0
Seat 1: d44823cc (big blind) collected ($0.1)
Seat 2: Hero folded before Flop (didn't bet)
Seat 3: 75b41237 folded before Flop (didn't bet)
Seat 4: 28c9ed16 folded before Flop (didn't bet)
Seat 5: 2f439122 (button) folded before Flop (didn't bet)
Seat 6: 19eeadb9 (small blind) folded before Flop


Poker Hand #HD1773497818: Hold'em No Limit ($0.05/$0.1) - 2024/05/15 11:30:17
Table 'NLHRed109' 6-max Seat #4 is the button
Seat 1: d44823cc ($12.96 in chips)
Seat 2: Hero ($10 in chips)
Seat 3: 75b41237 ($32.75 in chips)
Seat 4: 28c9ed16 ($9.71 in chips)
Seat 5: 2f439122 ($13.75 in chips)
Seat 6: 19eeadb9 ($10 in chips)
2f439122: posts small blind $0.05
19eeadb9: posts big blind $0.1
*** HOLE CARDS ***
Dealt to d44823cc 
Dealt to Hero [Ks Th]
Dealt to 75b41237 
Dealt to 28c9ed16 
Dealt to 2f439122 
Dealt to 19eeadb9 
d44823cc: folds
Hero: folds
75b41237: folds
28c9ed16: folds
2f439122: folds
Uncalled bet ($0.05) returned to 19eeadb9
*** SHOWDOWN ***
19eeadb9 collected $0.1 from pot
*** SUMMARY ***
Total pot $0.1 | Rake $0 | Jackpot $0 | Bingo $0 | Fortune $0 | Tax $0
Seat 1: d44823cc folded before Flop (didn't bet)
Seat 2: Hero folded before Flop (didn't bet)
Seat 3: 75b41237 folded before Flop (didn't bet)
Seat 4: 28c9ed16 (button) folded before Flop (didn't bet)
Seat 5: 2f439122 (small blind) folded before Flop
Seat 6: 19eeadb9 (big blind) collected ($0.1)


Poker Hand #HD1773497777: Hold'em No Limit ($0.05/$0.1) - 2024/05/15 11:29:34
Table 'NLHRed109' 6-max Seat #3 is the button
Seat 1: d44823cc ($12.54 in chips)
Seat 2: Hero ($10 in chips)
Seat 3: 75b41237 ($32.95 in chips)
Seat 4: 28c9ed16 ($9.76 in chips)
Seat 5: 2f439122 ($13.95 in chips)
Seat 6: 19eeadb9 ($10 in chips)
28c9ed16: posts small blind $0.05
2f439122: posts big blind $0.1
*** HOLE CARDS ***
Dealt to d44823cc 
Dealt to Hero [Ah Td]
Dealt to 75b41237 
Dealt to 28c9ed16 
Dealt to 2f439122 
Dealt to 19eeadb9 
19eeadb9: folds
d44823cc: raises $0.1 to $0.2
Hero: folds
75b41237: calls $0.2
28c9ed16: folds
2f439122: calls $0.1
*** FLOP *** [9s Ac Kd]
2f439122: checks
d44823cc: checks
75b41237: checks
*** TURN *** [9s Ac Kd] [3h]
2f439122: checks
d44823cc: bets $0.22
75b41237: folds
2f439122: folds
Uncalled bet ($0.22) returned to d44823cc
*** SHOWDOWN ***
d44823cc collected $0.62 from pot
*** SUMMARY ***
Total pot $0.65 | Rake $0.03 | Jackpot $0 | Bingo $0 | Fortune $0 | Tax $0
Board [9s Ac Kd 3h]
Seat 1: d44823cc won ($0.62)
Seat 2: Hero folded before Flop (didn't bet)
Seat 3: 75b41237 (button) folded on the Turn
Seat 4: 28c9ed16 (small blind) folded before Flop
Seat 5: 2f439122 (big blind) folded on the Turn
Seat 6: 19eeadb9 folded before Flop (didn't bet)


Poker Hand #HD1773497729: Hold'em No Limit ($0.05/$0.1) - 2024/05/15 11:28:47
Table 'NLHRed109' 6-max Seat #2 is the button
Seat 1: d44823cc ($12.54 in chips)
Seat 2: Hero ($10 in chips)
Seat 3: 75b41237 ($33 in chips)
Seat 4: 28c9ed16 ($9.86 in chips)
Seat 5: 2f439122 ($10.14 in chips)
Seat 6: 19eeadb9 ($11.52 in chips)
75b41237: posts small blind $0.05
28c9ed16: posts big blind $0.1
*** HOLE CARDS ***
Dealt to d44823cc 
Dealt to Hero [8c 2c]
Dealt to 75b41237 
Dealt to 28c9ed16 
Dealt to 2f439122 
Dealt to 19eeadb9 
2f439122: raises $0.1 to $0.2
19eeadb9: raises $0.42 to $0.62
d44823cc: folds
Hero: folds
75b41237: folds
28c9ed16: folds
2f439122: calls $0.42
*** FLOP *** [4d Ah 8s]
2f439122: checks
19eeadb9: bets $0.71
2f439122: calls $0.71
*** TURN *** [4d Ah 8s] [Th]
2f439122: checks
19eeadb9: checks
*** RIVER *** [4d Ah 8s Th] [9h]
2f439122: bets $2.85
19eeadb9: calls $2.85
2f439122: shows [Ac Ts] (Pair of Aces and Pair of Tens)
19eeadb9: shows [Qd Qs] (Pair of Queens)
*** SHOWDOWN ***
2f439122 collected $7.99 from pot
*** SUMMARY ***
Total pot $8.51 | Rake $0.42 | Jackpot $0.1 | Bingo $0 | Fortune $0 | Tax $0
Board [4d Ah 8s Th 9h]
Seat 1: d44823cc folded before Flop (didn't bet)
Seat 2: Hero (button) folded before Flop (didn't bet)
Seat 3: 75b41237 (small blind) folded before Flop
Seat 4: 28c9ed16 (big blind) folded before Flop
Seat 5: 2f439122 showed [Ac Ts] and won ($7.99) with Pair of Aces and Pair of Tens
Seat 6: 19eeadb9 showed [Qd Qs] and lost with Pair of Queens


Poker Hand #HD1773497698: Hold'em No Limit ($0.05/$0.1) - 2024/05/15 11:28:24
Table 'NLHRed109' 6-max Seat #1 is the button
Seat 1: d44823cc ($12.54 in chips)
Seat 2: Hero ($10 in chips)
Seat 3: 75b41237 ($32.95 in chips)
Seat 4: 28c9ed16 ($9.86 in chips)
Seat 5: 2f439122 ($10.14 in chips)
Seat 6: 19eeadb9 ($11.52 in chips)
Hero: posts small blind $0.05
75b41237: posts big blind $0.1
*** HOLE CARDS ***
Dealt to d44823cc 
Dealt to Hero [2s Jh]
Dealt to 75b41237 
Dealt to 28c9ed16 
Dealt to 2f439122 
Dealt to 19eeadb9 
28c9ed16: folds
2f439122: folds
19eeadb9: folds
d44823cc: folds
Hero: folds
Uncalled bet ($0.05) returned to 75b41237
*** SHOWDOWN ***
75b41237 collected $0.1 from pot
*** SUMMARY ***
Total pot $0.1 | Rake $0 | Jackpot $0 | Bingo $0 | Fortune $0 | Tax $0
Seat 1: d44823cc (button) folded before Flop (didn't bet)
Seat 2: Hero (small blind) folded before Flop
Seat 3: 75b41237 (big blind) collected ($0.1)
Seat 4: 28c9ed16 folded before Flop (didn't bet)
Seat 5: 2f439122 folded before Flop (didn't bet)
Seat 6: 19eeadb9 folded before Flop (didn't bet)


Poker Hand #HD1773497641: Hold'em No Limit ($0.05/$0.1) - 2024/05/15 11:27:29
Table 'NLHRed109' 6-max Seat #6 is the button
Seat 1: d44823cc ($12.59 in chips)
Seat 2: Hero ($10.15 in chips)
Seat 3: 75b41237 ($32.95 in chips)
Seat 4: 28c9ed16 ($9.86 in chips)
Seat 5: 2f439122 ($9.73 in chips)
Seat 6: 19eeadb9 ($11.52 in chips)
d44823cc: posts small blind $0.05
Hero: posts big blind $0.1
*** HOLE CARDS ***
Dealt to d44823cc 
Dealt to Hero [8s Js]
Dealt to 75b41237 
Dealt to 28c9ed16 
Dealt to 2f439122 
Dealt to 19eeadb9 
75b41237: folds
28c9ed16: folds
2f439122: raises $0.1 to $0.2
19eeadb9: folds
d44823cc: folds
Hero: calls $0.1
*** FLOP *** [3h 9c 9h]
Hero: checks
2f439122: checks
*** TURN *** [3h 9c 9h] [5d]
Hero: checks
2f439122: checks
*** RIVER *** [3h 9c 9h 5d] [2d]
Hero: bets $0.2
2f439122: raises $0.85 to $1.05
Hero: folds
Uncalled bet ($0.85) returned to 2f439122
*** SHOWDOWN ***
2f439122 collected $0.81 from pot
*** SUMMARY ***
Total pot $0.85 | Rake $0.04 | Jackpot $0 | Bingo $0 | Fortune $0 | Tax $0
Board [3h 9c 9h 5d 2d]
Seat 1: d44823cc (small blind) folded before Flop
Seat 2: Hero (big blind) folded on the River
Seat 3: 75b41237 folded before Flop (didn't bet)
Seat 4: 28c9ed16 folded before Flop (didn't bet)
Seat 5: 2f439122 won ($0.81)
Seat 6: 19eeadb9 (button) folded before Flop (didn't bet)


Poker Hand #HD1773497628: Hold'em No Limit ($0.05/$0.1) - 2024/05/15 11:27:19
Table 'NLHRed109' 6-max Seat #5 is the button
Seat 1: d44823cc ($12.69 in chips)
Seat 2: Hero ($10 in chips)
Seat 3: 75b41237 ($32.95 in chips)
Seat 4: 28c9ed16 ($9.86 in chips)
Seat 5: 2f439122 ($9.73 in chips)
Seat 6: 19eeadb9 ($11.57 in chips)
19eeadb9: posts small blind $0.05
d44823cc: posts big blind $0.1
*** HOLE CARDS ***
Dealt to d44823cc 
Dealt to Hero [Js Qc]
Dealt to 75b41237 
Dealt to 28c9ed16 
Dealt to 2f439122 
Dealt to 19eeadb9 
Hero: raises $0.1 to $0.2
75b41237: folds
28c9ed16: folds
2f439122: folds
19eeadb9: folds
d44823cc: folds
Uncalled bet ($0.1) returned to Hero
*** SHOWDOWN ***
Hero collected $0.25 from pot
*** SUMMARY ***
Total pot $0.25 | Rake $0 | Jackpot $0 | Bingo $0 | Fortune $0 | Tax $0
Seat 1: d44823cc (big blind) folded before Flop
Seat 2: Hero collected ($0.25)
Seat 3: 75b41237 folded before Flop (didn't bet)
Seat 4: 28c9ed16 folded before Flop (didn't bet)
Seat 5: 2f439122 (button) folded before Flop (didn't bet)
Seat 6: 19eeadb9 (small blind) folded before Flop


Poker Hand #HD1773497618: Hold'em No Limit ($0.05/$0.1) - 2024/05/15 11:27:09
Table 'NLHRed109' 6-max Seat #4 is the button
Seat 1: d44823cc ($12.54 in chips)
Seat 2: Hero ($10 in chips)
Seat 3: 75b41237 ($32.95 in chips)
Seat 4: 28c9ed16 ($9.86 in chips)
Seat 5: 2f439122 ($9.78 in chips)
Seat 6: 19eeadb9 ($11.67 in chips)
2f439122: posts small blind $0.05
19eeadb9: posts big blind $0.1
*** HOLE CARDS ***
Dealt to d44823cc 
Dealt to Hero [5h 3h]
Dealt to 75b41237 
Dealt to 28c9ed16 
Dealt to 2f439122 
Dealt to 19eeadb9 
d44823cc: raises $0.2 to $0.3
Hero: folds
75b41237: folds
28c9ed16: folds
2f439122: folds
19eeadb9: folds
Uncalled bet ($0.2) returned to d44823cc
*** SHOWDOWN ***
d44823cc collected $0.25 from pot
*** SUMMARY ***
Total pot $0.25 | Rake $0 | Jackpot $0 | Bingo $0 | Fortune $0 | Tax $0
Seat 1: d44823cc collected ($0.25)
Seat 2: Hero folded before Flop (didn't bet)
Seat 3: 75b41237 folded before Flop (didn't bet)
Seat 4: 28c9ed16 (button) folded before Flop (didn't bet)
Seat 5: 2f439122 (small blind) folded before Flop
Seat 6: 19eeadb9 (big blind) folded before Flop


Poker Hand #HD1773497542: Hold'em No Limit ($0.05/$0.1) - 2024/05/15 11:25:51
Table 'NLHRed109' 6-max Seat #3 is the button
Seat 1: d44823cc ($13.06 in chips)
Seat 2: Hero ($10 in chips)
Seat 3: 75b41237 ($32.06 in chips)
Seat 4: 28c9ed16 ($10.08 in chips)
Seat 5: 2f439122 ($10 in chips)
Seat 6: 19eeadb9 ($11.67 in chips)
28c9ed16: posts small blind $0.05
2f439122: posts big blind $0.1
*** HOLE CARDS ***
Dealt to d44823cc 
Dealt to Hero [Ad 4c]
Dealt to 75b41237 
Dealt to 28c9ed16 
Dealt to 2f439122 
Dealt to 19eeadb9 
19eeadb9: folds
d44823cc: calls $0.1
Hero: folds
75b41237: raises $0.12 to $0.22
28c9ed16: calls $0.17
2f439122: calls $0.12
d44823cc: calls $0.12
*** FLOP *** [3d 2c 5s]
28c9ed16: checks
2f439122: checks
d44823cc: checks
75b41237: bets $0.3
28c9ed16: folds
2f439122: folds
d44823cc: calls $0.3
*** TURN *** [3d 2c 5s] [5h]
d44823cc: checks
75b41237: checks
*** RIVER *** [3d 2c 5s 5h] [Ks]
d44823cc: checks
75b41237: bets $1.5
d44823cc: folds
Uncalled bet ($1.5) returned to 75b41237
75b41237: shows [4s] (Pair of Fives)
*** SHOWDOWN ***
75b41237 collected $1.41 from pot
*** SUMMARY ***
Total pot $1.48 | Rake $0.07 | Jackpot $0 | Bingo $0 | Fortune $0 | Tax $0
Board [3d 2c 5s 5h Ks]
Seat 1: d44823cc folded on the River
Seat 2: Hero folded before Flop (didn't bet)
Seat 3: 75b41237 (button) showed [4s] and won ($1.41)
Seat 4: 28c9ed16 (small blind) folded on the Flop
Seat 5: 2f439122 (big blind) folded on the Flop
Seat 6: 19eeadb9 folded before Flop (didn't bet)


Poker Hand #HD1773497495: Hold'em No Limit ($0.05/$0.1) - 2024/05/15 11:25:10
Table 'NLHRed109' 6-max Seat #2 is the button
Seat 1: d44823cc ($12.6 in chips)
Seat 2: Hero ($10 in chips)
Seat 3: 75b41237 ($32.46 in chips)
Seat 4: 28c9ed16 ($10.18 in chips)
Seat 5: 2f439122 ($10 in chips)
Seat 6: 19eeadb9 ($11.67 in chips)
75b41237: posts small blind $0.05
28c9ed16: posts big blind $0.1
*** HOLE CARDS ***
Dealt to d44823cc 
Dealt to Hero [Th 6s]
Dealt to 75b41237 
Dealt to 28c9ed16 
Dealt to 2f439122 
Dealt to 19eeadb9 
2f439122: folds
19eeadb9: folds
d44823cc: raises $0.3 to $0.4
Hero: folds
75b41237: calls $0.35
28c9ed16: folds
*** FLOP *** [9h 4c 5c]
75b41237: checks
d44823cc: checks
*** TURN *** [9h 4c 5c] [Ah]
75b41237: checks
d44823cc: bets $0.45
75b41237: folds
Uncalled bet ($0.45) returned to d44823cc
*** SHOWDOWN ***
d44823cc collected $0.86 from pot
*** SUMMARY ***
Total pot $0.9 | Rake $0.04 | Jackpot $0 | Bingo $0 | Fortune $0 | Tax $0
Board [9h 4c 5c Ah]
Seat 1: d44823cc won ($0.86)
Seat 2: Hero (button) folded before Flop (didn't bet)
Seat 3: 75b41237 (small blind) folded on the Turn
Seat 4: 28c9ed16 (big blind) folded before Flop
Seat 5: 2f439122 folded before Flop (didn't bet)
Seat 6: 19eeadb9 folded before Flop (didn't bet)


Poker Hand #HD1773497440: Hold'em No Limit ($0.05/$0.1) - 2024/05/15 11:24:14
Table 'NLHRed109' 6-max Seat #1 is the button
Seat 1: d44823cc ($12.6 in chips)
Seat 2: Hero ($10 in chips)
Seat 3: 75b41237 ($18.26 in chips)
Seat 4: 28c9ed16 ($10.28 in chips)
Seat 5: 2f439122 ($15.15 in chips)
Seat 6: 19eeadb9 ($11.67 in chips)
Hero: posts small blind $0.05
75b41237: posts big blind $0.1
*** HOLE CARDS ***
Dealt to d44823cc 
Dealt to Hero [4h Jh]
Dealt to 75b41237 
Dealt to 28c9ed16 
Dealt to 2f439122 
Dealt to 19eeadb9 
28c9ed16: calls $0.1
2f439122: raises $0.1 to $0.2
19eeadb9: folds
d44823cc: folds
Hero: folds
75b41237: raises $0.55 to $0.75
28c9ed16: folds
2f439122: calls $0.55
*** FLOP *** [5s 9d Ks]
75b41237: bets $0.4
2f439122: calls $0.4
*** TURN *** [5s 9d Ks] [Qc]
75b41237: bets $1.1
2f439122: calls $1.1
*** RIVER *** [5s 9d Ks Qc] [9s]
75b41237: bets $16.01 and is all-in
2f439122: calls $12.9 and is all-in
Uncalled bet ($3.11) returned to 75b41237
75b41237: shows [Kc Kh] (Kings Full over Nines)
2f439122: shows [Js Qs] (King High Flush)
*** SHOWDOWN ***
75b41237 collected $29.35 from pot
*** SUMMARY ***
Total pot $30.45 | Rake $1 | Jackpot $0.1 | Bingo $0 | Fortune $0 | Tax $0
Board [5s 9d Ks Qc 9s]
Seat 1: d44823cc (button) folded before Flop (didn't bet)
Seat 2: Hero (small blind) folded before Flop
Seat 3: 75b41237 (big blind) showed [Kc Kh] and won ($29.35) with Kings Full over Nines
Seat 4: 28c9ed16 folded before Flop
Seat 5: 2f439122 showed [Js Qs] and lost with King High Flush
Seat 6: 19eeadb9 folded before Flop (didn't bet)


Poker Hand #HD1773497377: Hold'em No Limit ($0.05/$0.1) - 2024/05/15 11:23:08
Table 'NLHRed109' 6-max Seat #6 is the button
Seat 1: d44823cc ($13.93 in chips)
Seat 2: Hero ($10 in chips)
Seat 3: 75b41237 ($18.26 in chips)
Seat 4: 28c9ed16 ($10.28 in chips)
Seat 5: 2f439122 ($15.15 in chips)
Seat 6: 19eeadb9 ($10.37 in chips)
d44823cc: posts small blind $0.05
Hero: posts big blind $0.1
*** HOLE CARDS ***
Dealt to d44823cc 
Dealt to Hero [4h 9h]
Dealt to 75b41237 
Dealt to 28c9ed16 
Dealt to 2f439122 
Dealt to 19eeadb9 
75b41237: folds
28c9ed16: folds
2f439122: folds
19eeadb9: raises $0.12 to $0.22
d44823cc: calls $0.17
Hero: folds
*** FLOP *** [As 8h 3s]
d44823cc: checks
19eeadb9: bets $0.28
d44823cc: calls $0.28
*** TURN *** [As 8h 3s] [6h]
d44823cc: checks
19eeadb9: bets $0.83
d44823cc: calls $0.83
*** RIVER *** [As 8h 3s 6h] [4d]
d44823cc: checks
19eeadb9: bets $2.07
d44823cc: folds
Uncalled bet ($2.07) returned to 19eeadb9
*** SHOWDOWN ***
19eeadb9 collected $2.63 from pot
*** SUMMARY ***
Total pot $2.76 | Rake $0.13 | Jackpot $0 | Bingo $0 | Fortune $0 | Tax $0
Board [As 8h 3s 6h 4d]
Seat 1: d44823cc (small blind) folded on the River
Seat 2: Hero (big blind) folded before Flop
Seat 3: 75b41237 folded before Flop (didn't bet)
Seat 4: 28c9ed16 folded before Flop (didn't bet)
Seat 5: 2f439122 folded before Flop (didn't bet)
Seat 6: 19eeadb9 (button) won ($2.63)


Poker Hand #HD1773497359: Hold'em No Limit ($0.05/$0.1) - 2024/05/15 11:22:44
Table 'NLHRed109' 6-max Seat #5 is the button
Seat 1: d44823cc ($14.03 in chips)
Seat 2: Hero ($10 in chips)
Seat 3: 75b41237 ($18.26 in chips)
Seat 4: 28c9ed16 ($10.53 in chips)
Seat 5: 2f439122 ($15.15 in chips)
Seat 6: 19eeadb9 ($10.05 in chips)
19eeadb9: posts small blind $0.05
d44823cc: posts big blind $0.1
*** HOLE CARDS ***
Dealt to d44823cc 
Dealt to Hero [8s 2s]
Dealt to 75b41237 
Dealt to 28c9ed16 
Dealt to 2f439122 
Dealt to 19eeadb9 
Hero: folds
75b41237: folds
28c9ed16: raises $0.15 to $0.25
2f439122: folds
19eeadb9: raises $0.75 to $1
d44823cc: folds
28c9ed16: folds
Uncalled bet ($0.75) returned to 19eeadb9
*** SHOWDOWN ***
19eeadb9 collected $0.57 from pot
*** SUMMARY ***
Total pot $0.6 | Rake $0.03 | Jackpot $0 | Bingo $0 | Fortune $0 | Tax $0
Seat 1: d44823cc (big blind) folded before Flop
Seat 2: Hero folded before Flop (didn't bet)
Seat 3: 75b41237 folded before Flop (didn't bet)
Seat 4: 28c9ed16 folded before Flop
Seat 5: 2f439122 (button) folded before Flop (didn't bet)
Seat 6: 19eeadb9 (small blind) collected ($0.57)


Poker Hand #HD1773497351: Hold'em No Limit ($0.05/$0.1) - 2024/05/15 11:22:35
Table 'NLHRed109' 6-max Seat #4 is the button
Seat 1: d44823cc ($14.03 in chips)
Seat 2: Hero ($10 in chips)
Seat 3: 75b41237 ($18.26 in chips)
Seat 4: 28c9ed16 ($10.53 in chips)
Seat 5: 2f439122 ($15.2 in chips)
Seat 6: 19eeadb9 ($10 in chips)
2f439122: posts small blind $0.05
19eeadb9: posts big blind $0.1
*** HOLE CARDS ***
Dealt to d44823cc 
Dealt to Hero [7d Jh]
Dealt to 75b41237 
Dealt to 28c9ed16 
Dealt to 2f439122 
Dealt to 19eeadb9 
d44823cc: folds
Hero: folds
75b41237: folds
28c9ed16: folds
2f439122: folds
Uncalled bet ($0.05) returned to 19eeadb9
*** SHOWDOWN ***
19eeadb9 collected $0.1 from pot
*** SUMMARY ***
Total pot $0.1 | Rake $0 | Jackpot $0 | Bingo $0 | Fortune $0 | Tax $0
Seat 1: d44823cc folded before Flop (didn't bet)
Seat 2: Hero folded before Flop (didn't bet)
Seat 3: 75b41237 folded before Flop (didn't bet)
Seat 4: 28c9ed16 (button) folded before Flop (didn't bet)
Seat 5: 2f439122 (small blind) folded before Flop
Seat 6: 19eeadb9 (big blind) collected ($0.1)


Poker Hand #HD1773497317: Hold'em No Limit ($0.05/$0.1) - 2024/05/15 11:22:08
Table 'NLHRed109' 6-max Seat #3 is the button
Seat 1: d44823cc ($14.03 in chips)
Seat 2: Hero ($10 in chips)
Seat 3: 75b41237 ($17.9 in chips)
Seat 4: 28c9ed16 ($10.58 in chips)
Seat 5: 2f439122 ($15.3 in chips)
Seat 6: 19eeadb9 ($10 in chips)
28c9ed16: posts small blind $0.05
2f439122: posts big blind $0.1
*** HOLE CARDS ***
Dealt to d44823cc 
Dealt to Hero [Kc Tc]
Dealt to 75b41237 
Dealt to 28c9ed16 
Dealt to 2f439122 
Dealt to 19eeadb9 
19eeadb9: folds
d44823cc: folds
Hero: raises $0.14 to $0.24
75b41237: raises $0.46 to $0.7
28c9ed16: folds
2f439122: folds
Hero: folds
Uncalled bet ($0.46) returned to 75b41237
*** SHOWDOWN ***
75b41237 collected $0.6 from pot
*** SUMMARY ***
Total pot $0.63 | Rake $0.03 | Jackpot $0 | Bingo $0 | Fortune $0 | Tax $0
Seat 1: d44823cc folded before Flop (didn't bet)
Seat 2: Hero folded before Flop
Seat 3: 75b41237 (button) collected ($0.6)
Seat 4: 28c9ed16 (small blind) folded before Flop
Seat 5: 2f439122 (big blind) folded before Flop
Seat 6: 19eeadb9 folded before Flop (didn't bet)


Poker Hand #HD1773497301: Hold'em No Limit ($0.05/$0.1) - 2024/05/15 11:21:51
Table 'NLHRed109' 6-max Seat #2 is the button
Seat 1: d44823cc ($14.03 in chips)
Seat 2: Hero ($10 in chips)
Seat 3: 75b41237 ($17.62 in chips)
Seat 4: 28c9ed16 ($10.68 in chips)
Seat 5: 2f439122 ($15.5 in chips)
Seat 6: 19eeadb9 ($10 in chips)
75b41237: posts small blind $0.05
28c9ed16: posts big blind $0.1
*** HOLE CARDS ***
Dealt to d44823cc 
Dealt to Hero [Kc 3d]
Dealt to 75b41237 
Dealt to 28c9ed16 
Dealt to 2f439122 
Dealt to 19eeadb9 
2f439122: raises $0.1 to $0.2
19eeadb9: folds
d44823cc: folds
Hero: folds
75b41237: raises $0.38 to $0.58
28c9ed16: folds
2f439122: folds
Uncalled bet ($0.38) returned to 75b41237
*** SHOWDOWN ***
75b41237 collected $0.48 from pot
*** SUMMARY ***
Total pot $0.5 | Rake $0.02 | Jackpot $0 | Bingo $0 | Fortune $0 | Tax $0
Seat 1: d44823cc folded before Flop (didn't bet)
Seat 2: Hero (button) folded before Flop (didn't bet)
Seat 3: 75b41237 (small blind) collected ($0.48)
Seat 4: 28c9ed16 (big blind) folded before Flop
Seat 5: 2f439122 folded before Flop
Seat 6: 19eeadb9 folded before Flop (didn't bet)


Poker Hand #HD1773497273: Hold'em No Limit ($0.05/$0.1) - 2024/05/15 11:21:24
Table 'NLHRed109' 6-max Seat #1 is the button
Seat 1: d44823cc ($14.23 in chips)
Seat 2: Hero ($10 in chips)
Seat 3: 75b41237 ($17.72 in chips)
Seat 4: 28c9ed16 ($10.68 in chips)
Seat 5: 2f439122 ($15.17 in chips)
Seat 6: 19eeadb9 ($10 in chips)
Hero: posts small blind $0.05
75b41237: posts big blind $0.1
*** HOLE CARDS ***
Dealt to d44823cc 
Dealt to Hero [Qc Ts]
Dealt to 75b41237 
Dealt to 28c9ed16 
Dealt to 2f439122 
Dealt to 19eeadb9 
28c9ed16: folds
2f439122: raises $0.1 to $0.2
19eeadb9: folds
d44823cc: calls $0.2
Hero: folds
75b41237: folds
*** FLOP *** [Kh 4c Ah]
2f439122: checks
d44823cc: checks
*** TURN *** [Kh 4c Ah] [Qd]
2f439122: checks
d44823cc: checks
*** RIVER *** [Kh 4c Ah Qd] [2c]
2f439122: checks
d44823cc: checks
2f439122: shows [Ks 7s] (Pair of Kings)
d44823cc: shows [9s 8d] (Ace-High)
*** SHOWDOWN ***
2f439122 collected $0.53 from pot
*** SUMMARY ***
Total pot $0.55 | Rake $0.02 | Jackpot $0 | Bingo $0 | Fortune $0 | Tax $0
Board [Kh 4c Ah Qd 2c]
Seat 1: d44823cc (button) showed [9s 8d] and lost with Ace-High
Seat 2: Hero (small blind) folded before Flop
Seat 3: 75b41237 (big blind) folded before Flop
Seat 4: 28c9ed16 folded before Flop (didn't bet)
Seat 5: 2f439122 showed [Ks 7s] and won ($0.53) with Pair of Kings
Seat 6: 19eeadb9 folded before Flop (didn't bet)


Poker Hand #HD1773497226: Hold'em No Limit ($0.05/$0.1) - 2024/05/15 11:20:41
Table 'NLHRed109' 6-max Seat #6 is the button
Seat 1: d44823cc ($14.28 in chips)
Seat 2: Hero ($10 in chips)
Seat 3: 75b41237 ($17.72 in chips)
Seat 4: 28c9ed16 ($10.68 in chips)
Seat 5: 2f439122 ($14.94 in chips)
Seat 6: 19eeadb9 ($10 in chips)
d44823cc: posts small blind $0.05
Hero: posts big blind $0.1
*** HOLE CARDS ***
Dealt to d44823cc 
Dealt to Hero [Ac 6h]
Dealt to 75b41237 
Dealt to 28c9ed16 
Dealt to 2f439122 
Dealt to 19eeadb9 
75b41237: folds
28c9ed16: folds
2f439122: raises $0.1 to $0.2
19eeadb9: folds
d44823cc: folds
Hero: calls $0.1
*** FLOP *** [Jd 7c 3d]
Hero: checks
2f439122: checks
*** TURN *** [Jd 7c 3d] [Kh]
Hero: checks
2f439122: checks
*** RIVER *** [Jd 7c 3d Kh] [8h]
Hero: checks
2f439122: bets $0.55
Hero: folds
Uncalled bet ($0.55) returned to 2f439122
*** SHOWDOWN ***
2f439122 collected $0.43 from pot
*** SUMMARY ***
Total pot $0.45 | Rake $0.02 | Jackpot $0 | Bingo $0 | Fortune $0 | Tax $0
Board [Jd 7c 3d Kh 8h]
Seat 1: d44823cc (small blind) folded before Flop
Seat 2: Hero (big blind) folded on the River
Seat 3: 75b41237 folded before Flop (didn't bet)
Seat 4: 28c9ed16 folded before Flop (didn't bet)
Seat 5: 2f439122 won ($0.43)
Seat 6: 19eeadb9 (button) folded before Flop (didn't bet)


Poker Hand #HD1773497152: Hold'em No Limit ($0.05/$0.1) - 2024/05/15 11:19:37
Table 'NLHRed109' 6-max Seat #5 is the button
Seat 1: d44823cc ($14.98 in chips)
Seat 2: Hero ($10 in chips)
Seat 3: 75b41237 ($17.72 in chips)
Seat 4: 28c9ed16 ($10 in chips)
Seat 5: 2f439122 ($14.94 in chips)
Seat 6: 19eeadb9 ($10 in chips)
19eeadb9: posts small blind $0.05
d44823cc: posts big blind $0.1
28c9ed16: posts big blind $0.1
*** HOLE CARDS ***
Dealt to d44823cc 
Dealt to Hero [9d 7d]
Dealt to 75b41237 
Dealt to 28c9ed16 
Dealt to 2f439122 
Dealt to 19eeadb9 
Hero: folds
75b41237: folds
28c9ed16: checks
2f439122: folds
19eeadb9: folds
d44823cc: checks
*** FLOP *** [7s Td 4s]
d44823cc: checks
28c9ed16: bets $0.25
d44823cc: calls $0.25
*** TURN *** [7s Td 4s] [4h]
d44823cc: checks
28c9ed16: bets $0.35
d44823cc: calls $0.35
*** RIVER *** [7s Td 4s 4h] [Jc]
d44823cc: checks
28c9ed16: bets $0.45
d44823cc: folds
Uncalled bet ($0.45) returned to 28c9ed16
*** SHOWDOWN ***
28c9ed16 collected $1.38 from pot
*** SUMMARY ***
Total pot $1.45 | Rake $0.07 | Jackpot $0 | Bingo $0 | Fortune $0 | Tax $0
Board [7s Td 4s 4h Jc]
Seat 1: d44823cc (big blind) folded on the River
Seat 2: Hero folded before Flop (didn't bet)
Seat 3: 75b41237 folded before Flop (didn't bet)
Seat 4: 28c9ed16 won ($1.38)
Seat 5: 2f439122 (button) folded before Flop (didn't bet)
Seat 6: 19eeadb9 (small blind) folded before Flop


Poker Hand #HD1773497122: Hold'em No Limit ($0.05/$0.1) - 2024/05/15 11:19:11
Table 'NLHRed109' 6-max Seat #3 is the button
Seat 1: d44823cc ($14.98 in chips)
Seat 2: Hero ($10 in chips)
Seat 3: 75b41237 ($17.72 in chips)
Seat 5: 2f439122 ($14.66 in chips)
Seat 6: 19eeadb9 ($10 in chips)
2f439122: posts small blind $0.05
19eeadb9: posts big blind $0.1
*** HOLE CARDS ***
Dealt to d44823cc 
Dealt to Hero [Jd Ah]
Dealt to 75b41237 
Dealt to 2f439122 
Dealt to 19eeadb9 
d44823cc: folds
Hero: raises $0.1 to $0.2
75b41237: folds
2f439122: calls $0.15
19eeadb9: folds
*** FLOP *** [9d 7h Tc]
2f439122: checks
Hero: checks
*** TURN *** [9d 7h Tc] [4d]
2f439122: bets $0.4
Hero: folds
Uncalled bet ($0.4) returned to 2f439122
*** SHOWDOWN ***
2f439122 collected $0.48 from pot
*** SUMMARY ***
Total pot $0.5 | Rake $0.02 | Jackpot $0 | Bingo $0 | Fortune $0 | Tax $0
Board [9d 7h Tc 4d]
Seat 1: d44823cc folded before Flop (didn't bet)
Seat 2: Hero folded on the Turn
Seat 3: 75b41237 (button) folded before Flop (didn't bet)
Seat 5: 2f439122 (small blind) won ($0.48)
Seat 6: 19eeadb9 (big blind) folded before Flop


Poker Hand #HD1773497050: Hold'em No Limit ($0.05/$0.1) - 2024/05/15 11:18:02
Table 'NLHRed109' 6-max Seat #2 is the button
Seat 1: d44823cc ($14.98 in chips)
Seat 2: Hero ($10 in chips)
Seat 3: 75b41237 ($17.77 in chips)
Seat 5: 2f439122 ($10 in chips)
Seat 6: 19eeadb9 ($11.59 in chips)
75b41237: posts small blind $0.05
2f439122: posts big blind $0.1
*** HOLE CARDS ***
Dealt to d44823cc 
Dealt to Hero [Ks 7s]
Dealt to 75b41237 
Dealt to 2f439122 
Dealt to 19eeadb9 
19eeadb9: raises $0.12 to $0.22
d44823cc: folds
Hero: folds
75b41237: folds
2f439122: raises $0.63 to $0.85
19eeadb9: raises $1.35 to $2.2
2f439122: raises $7.8 to $10 and is all-in
19eeadb9: calls $7.8
2f439122: shows [Kc Kd]
19eeadb9: shows [Ah Kh]
*** FLOP *** [7h Jh 5d]
2f439122: Chooses to EV Cashout 
*** TURN *** [7h Jh 5d] [8s]
2f439122: Pays Cashout Risk ($1.3)
2f439122: Chooses to EV Cashout 
*** RIVER *** [7h Jh 5d 8s] [5s]
2f439122: Pays Cashout Risk ($3)
*** SHOWDOWN ***
2f439122 collected $18.96 from pot
*** SUMMARY ***
Total pot $20.05 | Rake $0.99 | Jackpot $0.1 | Bingo $0 | Fortune $0 | Tax $0
Board [7h Jh 5d 8s 5s]
Seat 1: d44823cc folded before Flop (didn't bet)
Seat 2: Hero (button) folded before Flop (didn't bet)
Seat 3: 75b41237 (small blind) folded before Flop
Seat 5: 2f439122 (big blind) showed [Kc Kd] and won ($18.96) with Pair of Kings and Pair of Fives, Cashout Risk ($4.3)
Seat 6: 19eeadb9 showed [Ah Kh] and lost with Pair of Fives


Poker Hand #HD1773497022: Hold'em No Limit ($0.05/$0.1) - 2024/05/15 11:17:28
Table 'NLHRed109' 6-max Seat #1 is the button
Seat 1: d44823cc ($14.46 in chips)
Seat 2: Hero ($10 in chips)
Seat 3: 75b41237 ($18.29 in chips)
Seat 4: bc0c5ea5 ($22.52 in chips)
Seat 6: 19eeadb9 ($11.59 in chips)
Hero: posts small blind $0.05
75b41237: posts big blind $0.1
*** HOLE CARDS ***
Dealt to d44823cc 
Dealt to Hero [2s 4s]
Dealt to 75b41237 
Dealt to bc0c5ea5 
Dealt to 19eeadb9 
bc0c5ea5: folds
19eeadb9: folds
d44823cc: raises $0.2 to $0.3
Hero: folds
75b41237: calls $0.2
*** FLOP *** [3h Tc 3c]
75b41237: checks
d44823cc: checks
*** TURN *** [3h Tc 3c] [6s]
75b41237: bets $0.22
d44823cc: calls $0.22
*** RIVER *** [3h Tc 3c 6s] [3d]
75b41237: checks
d44823cc: checks
75b41237: shows [Kc 9c] (Three Treys)
d44823cc: shows [Ks Js] (Three Treys)
*** SHOWDOWN ***
d44823cc collected $1.04 from pot
*** SUMMARY ***
Total pot $1.09 | Rake $0.05 | Jackpot $0 | Bingo $0 | Fortune $0 | Tax $0
Board [3h Tc 3c 6s 3d]
Seat 1: d44823cc (button) showed [Ks Js] and won ($1.04) with Three Treys
Seat 2: Hero (small blind) folded before Flop
Seat 3: 75b41237 (big blind) showed [Kc 9c] and lost with Three Treys
Seat 4: bc0c5ea5 folded before Flop (didn't bet)
Seat 6: 19eeadb9 folded before Flop (didn't bet)


Poker Hand #HD1773497011: Hold'em No Limit ($0.05/$0.1) - 2024/05/15 11:17:17
Table 'NLHRed109' 6-max Seat #6 is the button
Seat 1: d44823cc ($14.36 in chips)
Seat 2: Hero ($10 in chips)
Seat 3: 75b41237 ($18.29 in chips)
Seat 4: bc0c5ea5 ($22.52 in chips)
Seat 6: 19eeadb9 ($11.59 in chips)
d44823cc: posts small blind $0.05
Hero: posts big blind $0.1
*** HOLE CARDS ***
Dealt to d44823cc 
Dealt to Hero [7h 6c]
Dealt to 75b41237 
Dealt to bc0c5ea5 
Dealt to 19eeadb9 
75b41237: folds
bc0c5ea5: folds
19eeadb9: folds
d44823cc: raises $0.2 to $0.3
Hero: folds
Uncalled bet ($0.2) returned to d44823cc
*** SHOWDOWN ***
d44823cc collected $0.2 from pot
*** SUMMARY ***
Total pot $0.2 | Rake $0 | Jackpot $0 | Bingo $0 | Fortune $0 | Tax $0
Seat 1: d44823cc (small blind) collected ($0.2)
Seat 2: Hero (big blind) folded before Flop
Seat 3: 75b41237 folded before Flop (didn't bet)
Seat 4: bc0c5ea5 folded before Flop (didn't bet)
Seat 6: 19eeadb9 (button) folded before Flop (didn't bet)


Poker Hand #HD1773496974: Hold'em No Limit ($0.05/$0.1) - 2024/05/15 11:16:41
Table 'NLHRed109' 6-max Seat #4 is the button
Seat 1: d44823cc ($14.46 in chips)
Seat 2: Hero ($10 in chips)
Seat 3: 75b41237 ($19.39 in chips)
Seat 4: bc0c5ea5 ($22.52 in chips)
Seat 5: 4fa22894 ($11.07 in chips)
Seat 6: 19eeadb9 ($10.45 in chips)
4fa22894: posts small blind $0.05
19eeadb9: posts big blind $0.1
*** HOLE CARDS ***
Dealt to d44823cc 
Dealt to Hero [Qh 3d]
Dealt to 75b41237 
Dealt to bc0c5ea5 
Dealt to 4fa22894 
Dealt to 19eeadb9 
d44823cc: calls $0.1
Hero: folds
75b41237: raises $0.12 to $0.22
bc0c5ea5: folds
4fa22894: folds
19eeadb9: raises $0.88 to $1.1
d44823cc: folds
75b41237: calls $0.88
*** FLOP *** [Jc 5s 8c]
19eeadb9: checks
75b41237: checks
*** TURN *** [Jc 5s 8c] [5d]
19eeadb9: bets $1.77
75b41237: folds
Uncalled bet ($1.77) returned to 19eeadb9
d44823cc: shows [Js] (Pair of Jacks and Pair of Fives)
*** SHOWDOWN ***
19eeadb9 collected $2.24 from pot
*** SUMMARY ***
Total pot $2.35 | Rake $0.11 | Jackpot $0 | Bingo $0 | Fortune $0 | Tax $0
Board [Jc 5s 8c 5d]
Seat 1: d44823cc folded before Flop
Seat 2: Hero folded before Flop (didn't bet)
Seat 3: 75b41237 folded on the Turn
Seat 4: bc0c5ea5 (button) folded before Flop (didn't bet)
Seat 5: 4fa22894 (small blind) folded before Flop
Seat 6: 19eeadb9 (big blind) won ($2.24)


Poker Hand #HD1773496954: Hold'em No Limit ($0.05/$0.1) - 2024/05/15 11:16:24
Table 'NLHRed109' 6-max Seat #3 is the button
Seat 1: d44823cc ($14.46 in chips)
Seat 2: Hero ($10 in chips)
Seat 3: 75b41237 ($19.39 in chips)
Seat 4: bc0c5ea5 ($22.57 in chips)
Seat 5: 4fa22894 ($11.02 in chips)
Seat 6: 19eeadb9 ($10.45 in chips)
bc0c5ea5: posts small blind $0.05
4fa22894: posts big blind $0.1
*** HOLE CARDS ***
Dealt to d44823cc 
Dealt to Hero [4c Td]
Dealt to 75b41237 
Dealt to bc0c5ea5 
Dealt to 4fa22894 
Dealt to 19eeadb9 
19eeadb9: folds
d44823cc: folds
Hero: folds
75b41237: folds
bc0c5ea5: folds
Uncalled bet ($0.05) returned to 4fa22894
*** SHOWDOWN ***
4fa22894 collected $0.1 from pot
*** SUMMARY ***
Total pot $0.1 | Rake $0 | Jackpot $0 | Bingo $0 | Fortune $0 | Tax $0
Seat 1: d44823cc folded before Flop (didn't bet)
Seat 2: Hero folded before Flop (didn't bet)
Seat 3: 75b41237 (button) folded before Flop (didn't bet)
Seat 4: bc0c5ea5 (small blind) folded before Flop
Seat 5: 4fa22894 (big blind) collected ($0.1)
Seat 6: 19eeadb9 folded before Flop (didn't bet)


Poker Hand #HD1773496887: Hold'em No Limit ($0.05/$0.1) - 2024/05/15 11:15:11
Table 'NLHRed109' 6-max Seat #2 is the button
Seat 1: d44823cc ($10.8 in chips)
Seat 2: Hero ($10 in chips)
Seat 3: 75b41237 ($19.44 in chips)
Seat 4: bc0c5ea5 ($22.67 in chips)
Seat 5: 4fa22894 ($14.3 in chips)
Seat 6: 19eeadb9 ($11.14 in chips)
75b41237: posts small blind $0.05
bc0c5ea5: posts big blind $0.1
*** HOLE CARDS ***
Dealt to d44823cc 
Dealt to Hero [6s Qd]
Dealt to 75b41237 
Dealt to bc0c5ea5 
Dealt to 4fa22894 
Dealt to 19eeadb9 
4fa22894: calls $0.1
19eeadb9: raises $0.1 to $0.2
d44823cc: raises $0.49 to $0.69
Hero: folds
75b41237: folds
bc0c5ea5: folds
4fa22894: calls $0.59
19eeadb9: calls $0.49
*** FLOP *** [Qs Ad 8s]
4fa22894: checks
19eeadb9: checks
d44823cc: bets $0.74
4fa22894: calls $0.74
19eeadb9: folds
*** TURN *** [Qs Ad 8s] [Jh]
4fa22894: checks
d44823cc: bets $1.85
4fa22894: calls $1.85
*** RIVER *** [Qs Ad 8s Jh] [7d]
4fa22894: checks
d44823cc: bets $3.7
4fa22894: folds
Uncalled bet ($3.7) returned to d44823cc
*** SHOWDOWN ***
d44823cc collected $6.94 from pot
*** SUMMARY ***
Total pot $7.4 | Rake $0.36 | Jackpot $0.1 | Bingo $0 | Fortune $0 | Tax $0
Board [Qs Ad 8s Jh 7d]
Seat 1: d44823cc won ($6.94)
Seat 2: Hero (button) folded before Flop (didn't bet)
Seat 3: 75b41237 (small blind) folded before Flop
Seat 4: bc0c5ea5 (big blind) folded before Flop
Seat 5: 4fa22894 folded on the River
Seat 6: 19eeadb9 folded on the Flop


Poker Hand #HD1773496878: Hold'em No Limit ($0.05/$0.1) - 2024/05/15 11:15:00
Table 'NLHRed109' 6-max Seat #1 is the button
Seat 1: d44823cc ($10.8 in chips)
Seat 2: Hero ($10 in chips)
Seat 3: 75b41237 ($19.39 in chips)
Seat 4: bc0c5ea5 ($22.67 in chips)
Seat 5: 4fa22894 ($14.3 in chips)
Seat 6: 19eeadb9 ($11.14 in chips)
Hero: posts small blind $0.05
75b41237: posts big blind $0.1
*** HOLE CARDS ***
Dealt to d44823cc 
Dealt to Hero [9c 4s]
Dealt to 75b41237 
Dealt to bc0c5ea5 
Dealt to 4fa22894 
Dealt to 19eeadb9 
bc0c5ea5: folds
4fa22894: folds
19eeadb9: folds
d44823cc: folds
Hero: folds
Uncalled bet ($0.05) returned to 75b41237
*** SHOWDOWN ***
75b41237 collected $0.1 from pot
*** SUMMARY ***
Total pot $0.1 | Rake $0 | Jackpot $0 | Bingo $0 | Fortune $0 | Tax $0
Seat 1: d44823cc (button) folded before Flop (didn't bet)
Seat 2: Hero (small blind) folded before Flop
Seat 3: 75b41237 (big blind) collected ($0.1)
Seat 4: bc0c5ea5 folded before Flop (didn't bet)
Seat 5: 4fa22894 folded before Flop (didn't bet)
Seat 6: 19eeadb9 folded before Flop (didn't bet)


Poker Hand #HD1773496774: Hold'em No Limit ($0.05/$0.1) - 2024/05/15 11:13:20
Table 'NLHRed109' 6-max Seat #6 is the button
Seat 1: d44823cc ($10.85 in chips)
Seat 2: Hero ($10.92 in chips)
Seat 3: 75b41237 ($19.39 in chips)
Seat 4: bc0c5ea5 ($12.5 in chips)
Seat 5: 4fa22894 ($14.6 in chips)
Seat 6: 19eeadb9 ($11.14 in chips)
d44823cc: posts small blind $0.05
Hero: posts big blind $0.1
*** HOLE CARDS ***
Dealt to d44823cc 
Dealt to Hero [Qh Ac]
Dealt to 75b41237 
Dealt to bc0c5ea5 
Dealt to 4fa22894 
Dealt to 19eeadb9 
75b41237: folds
bc0c5ea5: raises $0.2 to $0.3
4fa22894: calls $0.3
19eeadb9: folds
d44823cc: folds
Hero: raises $1.3 to $1.6
bc0c5ea5: calls $1.3
4fa22894: folds
*** FLOP *** [2s 5d 4h]
Hero: bets $0.9
bc0c5ea5: calls $0.9
*** TURN *** [2s 5d 4h] [3s]
Hero: checks
bc0c5ea5: bets $1.77
Hero: calls $1.77
*** RIVER *** [2s 5d 4h 3s] [Jh]
Hero: checks
bc0c5ea5: bets $8.23 and is all-in
Hero: calls $6.65 and is all-in
Uncalled bet ($1.58) returned to bc0c5ea5
bc0c5ea5: shows [6h 6c] (Sixes-High Straight)
Hero: shows [Qh Ac] (Fives-High Straight)
*** SHOWDOWN ***
bc0c5ea5 collected $21.09 from pot
*** SUMMARY ***
Total pot $22.19 | Rake $1 | Jackpot $0.1 | Bingo $0 | Fortune $0 | Tax $0
Board [2s 5d 4h 3s Jh]
Seat 1: d44823cc (small blind) folded before Flop
Seat 2: Hero (big blind) showed [Qh Ac] and lost with Fives-High Straight
Seat 3: 75b41237 folded before Flop (didn't bet)
Seat 4: bc0c5ea5 showed [6h 6c] and won ($21.09) with Sixes-High Straight
Seat 5: 4fa22894 folded before Flop
Seat 6: 19eeadb9 (button) folded before Flop (didn't bet)


Poker Hand #HD1773496722: Hold'em No Limit ($0.05/$0.1) - 2024/05/15 11:12:36
Table 'NLHRed109' 6-max Seat #5 is the button
Seat 1: d44823cc ($11.05 in chips)
Seat 2: Hero ($10.92 in chips)
Seat 3: 75b41237 ($19.39 in chips)
Seat 4: bc0c5ea5 ($12.5 in chips)
Seat 5: 4fa22894 ($14.37 in chips)
Seat 6: 19eeadb9 ($11.19 in chips)
19eeadb9: posts small blind $0.05
d44823cc: posts big blind $0.1
*** HOLE CARDS ***
Dealt to d44823cc 
Dealt to Hero [7h As]
Dealt to 75b41237 
Dealt to bc0c5ea5 
Dealt to 4fa22894 
Dealt to 19eeadb9 
Hero: folds
75b41237: folds
bc0c5ea5: folds
4fa22894: calls $0.1
19eeadb9: folds
d44823cc: checks
*** FLOP *** [Qd 6h 8c]
d44823cc: checks
4fa22894: checks
*** TURN *** [Qd 6h 8c] [2c]
d44823cc: bets $0.1
4fa22894: raises $0.45 to $0.55
d44823cc: folds
Uncalled bet ($0.45) returned to 4fa22894
*** SHOWDOWN ***
4fa22894 collected $0.43 from pot
*** SUMMARY ***
Total pot $0.45 | Rake $0.02 | Jackpot $0 | Bingo $0 | Fortune $0 | Tax $0
Board [Qd 6h 8c 2c]
Seat 1: d44823cc (big blind) folded on the Turn
Seat 2: Hero folded before Flop (didn't bet)
Seat 3: 75b41237 folded before Flop (didn't bet)
Seat 4: bc0c5ea5 folded before Flop (didn't bet)
Seat 5: 4fa22894 (button) won ($0.43)
Seat 6: 19eeadb9 (small blind) folded before Flop


Poker Hand #HD1773496665: Hold'em No Limit ($0.05/$0.1) - 2024/05/15 11:11:36
Table 'NLHRed109' 6-max Seat #4 is the button
Seat 1: d44823cc ($11.25 in chips)
Seat 2: Hero ($10.92 in chips)
Seat 3: 75b41237 ($19.39 in chips)
Seat 4: bc0c5ea5 ($12.5 in chips)
Seat 5: 4fa22894 ($14.09 in chips)
Seat 6: 19eeadb9 ($11.29 in chips)
4fa22894: posts small blind $0.05
19eeadb9: posts big blind $0.1
*** HOLE CARDS ***
Dealt to d44823cc 
Dealt to Hero [Td 9s]
Dealt to 75b41237 
Dealt to bc0c5ea5 
Dealt to 4fa22894 
Dealt to 19eeadb9 
d44823cc: calls $0.1
Hero: folds
75b41237: folds
bc0c5ea5: folds
4fa22894: calls $0.05
19eeadb9: checks
*** FLOP *** [Jc Qh 3h]
4fa22894: checks
19eeadb9: checks
d44823cc: bets $0.1
4fa22894: calls $0.1
19eeadb9: folds
*** TURN *** [Jc Qh 3h] [Th]
4fa22894: checks
d44823cc: checks
*** RIVER *** [Jc Qh 3h Th] [5h]
4fa22894: bets $0.5
d44823cc: folds
Uncalled bet ($0.5) returned to 4fa22894
*** SHOWDOWN ***
4fa22894 collected $0.48 from pot
*** SUMMARY ***
Total pot $0.5 | Rake $0.02 | Jackpot $0 | Bingo $0 | Fortune $0 | Tax $0
Board [Jc Qh 3h Th 5h]
Seat 1: d44823cc folded on the River
Seat 2: Hero folded before Flop (didn't bet)
Seat 3: 75b41237 folded before Flop (didn't bet)
Seat 4: bc0c5ea5 (button) folded before Flop (didn't bet)
Seat 5: 4fa22894 (small blind) won ($0.48)
Seat 6: 19eeadb9 (big blind) folded on the Flop


Poker Hand #HD1773496603: Hold'em No Limit ($0.05/$0.1) - 2024/05/15 11:10:38
Table 'NLHRed109' 6-max Seat #3 is the button
Seat 1: d44823cc ($9.9 in chips)
Seat 2: Hero ($10.92 in chips)
Seat 3: 75b41237 ($20.09 in chips)
Seat 4: bc0c5ea5 ($12.55 in chips)
Seat 5: 4fa22894 ($14.79 in chips)
Seat 6: 19eeadb9 ($11.29 in chips)
bc0c5ea5: posts small blind $0.05
4fa22894: posts big blind $0.1
*** HOLE CARDS ***
Dealt to d44823cc 
Dealt to Hero [7s 6s]
Dealt to 75b41237 
Dealt to bc0c5ea5 
Dealt to 4fa22894 
Dealt to 19eeadb9 
19eeadb9: folds
d44823cc: raises $0.2 to $0.3
Hero: folds
75b41237: calls $0.3
bc0c5ea5: folds
4fa22894: calls $0.2
*** FLOP *** [Td 4d 9c]
4fa22894: checks
d44823cc: checks
75b41237: bets $0.4
4fa22894: calls $0.4
d44823cc: calls $0.4
*** TURN *** [Td 4d 9c] [7c]
4fa22894: checks
d44823cc: checks
75b41237: checks
*** RIVER *** [Td 4d 9c 7c] [2d]
4fa22894: checks
d44823cc: bets $1.08
75b41237: folds
4fa22894: folds
Uncalled bet ($1.08) returned to d44823cc
*** SHOWDOWN ***
d44823cc collected $2.05 from pot
*** SUMMARY ***
Total pot $2.15 | Rake $0.1 | Jackpot $0 | Bingo $0 | Fortune $0 | Tax $0
Board [Td 4d 9c 7c 2d]
Seat 1: d44823cc won ($2.05)
Seat 2: Hero folded before Flop (didn't bet)
Seat 3: 75b41237 (button) folded on the River
Seat 4: bc0c5ea5 (small blind) folded before Flop
Seat 5: 4fa22894 (big blind) folded on the River
Seat 6: 19eeadb9 folded before Flop (didn't bet)


Poker Hand #HD1773496584: Hold'em No Limit ($0.05/$0.1) - 2024/05/15 11:10:24
Table 'NLHRed109' 6-max Seat #2 is the button
Seat 1: d44823cc ($9.75 in chips)
Seat 2: Hero ($10.92 in chips)
Seat 3: 75b41237 ($20.14 in chips)
Seat 4: bc0c5ea5 ($12.65 in chips)
Seat 5: 4fa22894 ($14.79 in chips)
Seat 6: 19eeadb9 ($11.29 in chips)
75b41237: posts small blind $0.05
bc0c5ea5: posts big blind $0.1
*** HOLE CARDS ***
Dealt to d44823cc 
Dealt to Hero [6d 9d]
Dealt to 75b41237 
Dealt to bc0c5ea5 
Dealt to 4fa22894 
Dealt to 19eeadb9 
4fa22894: folds
19eeadb9: folds
d44823cc: raises $0.2 to $0.3
Hero: folds
75b41237: folds
bc0c5ea5: folds
Uncalled bet ($0.2) returned to d44823cc
*** SHOWDOWN ***
d44823cc collected $0.25 from pot
*** SUMMARY ***
Total pot $0.25 | Rake $0 | Jackpot $0 | Bingo $0 | Fortune $0 | Tax $0
Seat 1: d44823cc collected ($0.25)
Seat 2: Hero (button) folded before Flop (didn't bet)
Seat 3: 75b41237 (small blind) folded before Flop
Seat 4: bc0c5ea5 (big blind) folded before Flop
Seat 5: 4fa22894 folded before Flop (didn't bet)
Seat 6: 19eeadb9 folded before Flop (didn't bet)


Poker Hand #HD1773496557: Hold'em No Limit ($0.05/$0.1) - 2024/05/15 11:09:58
Table 'NLHRed109' 6-max Seat #1 is the button
Seat 1: d44823cc ($9.75 in chips)
Seat 2: Hero ($10.97 in chips)
Seat 3: 75b41237 ($20.24 in chips)
Seat 4: bc0c5ea5 ($12.65 in chips)
Seat 5: 4fa22894 ($14.89 in chips)
Seat 6: 19eeadb9 ($11.05 in chips)
Hero: posts small blind $0.05
75b41237: posts big blind $0.1
*** HOLE CARDS ***
Dealt to d44823cc 
Dealt to Hero [5c Kd]
Dealt to 75b41237 
Dealt to bc0c5ea5 
Dealt to 4fa22894 
Dealt to 19eeadb9 
bc0c5ea5: folds
4fa22894: calls $0.1
19eeadb9: raises $0.27 to $0.37
d44823cc: folds
Hero: folds
75b41237: folds
4fa22894: folds
Uncalled bet ($0.27) returned to 19eeadb9
*** SHOWDOWN ***
19eeadb9 collected $0.34 from pot
*** SUMMARY ***
Total pot $0.35 | Rake $0.01 | Jackpot $0 | Bingo $0 | Fortune $0 | Tax $0
Seat 1: d44823cc (button) folded before Flop (didn't bet)
Seat 2: Hero (small blind) folded before Flop
Seat 3: 75b41237 (big blind) folded before Flop
Seat 4: bc0c5ea5 folded before Flop (didn't bet)
Seat 5: 4fa22894 folded before Flop
Seat 6: 19eeadb9 collected ($0.34)


Poker Hand #HD1773496490: Hold'em No Limit ($0.05/$0.1) - 2024/05/15 11:08:56
Table 'NLHRed109' 6-max Seat #6 is the button
Seat 1: d44823cc ($10.05 in chips)
Seat 2: Hero ($11.07 in chips)
Seat 3: 75b41237 ($20.24 in chips)
Seat 4: bc0c5ea5 ($17.45 in chips)
Seat 5: 4fa22894 ($10.28 in chips)
Seat 6: 19eeadb9 ($11.05 in chips)
d44823cc: posts small blind $0.05
Hero: posts big blind $0.1
*** HOLE CARDS ***
Dealt to d44823cc 
Dealt to Hero [6h 2d]
Dealt to 75b41237 
Dealt to bc0c5ea5 
Dealt to 4fa22894 
Dealt to 19eeadb9 
75b41237: folds
bc0c5ea5: raises $0.2 to $0.3
4fa22894: calls $0.3
19eeadb9: folds
d44823cc: calls $0.25
Hero: folds
*** FLOP *** [Qs 9d 7d]
d44823cc: checks
bc0c5ea5: bets $0.5
4fa22894: calls $0.5
d44823cc: folds
*** TURN *** [Qs 9d 7d] [6s]
bc0c5ea5: bets $1.5
4fa22894: calls $1.5
*** RIVER *** [Qs 9d 7d 6s] [Jh]
bc0c5ea5: bets $2.5
4fa22894: calls $2.5
bc0c5ea5: shows [Qh Ac] (Pair of Queens)
4fa22894: shows [Kc Kd] (Pair of Kings)
*** SHOWDOWN ***
4fa22894 collected $9.41 from pot
*** SUMMARY ***
Total pot $10 | Rake $0.49 | Jackpot $0.1 | Bingo $0 | Fortune $0 | Tax $0
Board [Qs 9d 7d 6s Jh]
Seat 1: d44823cc (small blind) folded on the Flop
Seat 2: Hero (big blind) folded before Flop
Seat 3: 75b41237 folded before Flop (didn't bet)
Seat 4: bc0c5ea5 showed [Qh Ac] and lost with Pair of Queens
Seat 5: 4fa22894 showed [Kc Kd] and won ($9.41) with Pair of Kings
Seat 6: 19eeadb9 (button) folded before Flop (didn't bet)


Poker Hand #HD1773496477: Hold'em No Limit ($0.05/$0.1) - 2024/05/15 11:08:44
Table 'NLHRed109' 6-max Seat #5 is the button
Seat 1: d44823cc ($10 in chips)
Seat 2: Hero ($11.07 in chips)
Seat 3: 75b41237 ($20.24 in chips)
Seat 4: bc0c5ea5 ($17.45 in chips)
Seat 5: 4fa22894 ($10.28 in chips)
Seat 6: 19eeadb9 ($11.1 in chips)
19eeadb9: posts small blind $0.05
d44823cc: posts big blind $0.1
*** HOLE CARDS ***
Dealt to d44823cc 
Dealt to Hero [3d 8h]
Dealt to 75b41237 
Dealt to bc0c5ea5 
Dealt to 4fa22894 
Dealt to 19eeadb9 
Hero: folds
75b41237: folds
bc0c5ea5: folds
4fa22894: folds
19eeadb9: folds
Uncalled bet ($0.05) returned to d44823cc
*** SHOWDOWN ***
d44823cc collected $0.1 from pot
*** SUMMARY ***
Total pot $0.1 | Rake $0 | Jackpot $0 | Bingo $0 | Fortune $0 | Tax $0
Seat 1: d44823cc (big blind) collected ($0.1)
Seat 2: Hero folded before Flop (didn't bet)
Seat 3: 75b41237 folded before Flop (didn't bet)
Seat 4: bc0c5ea5 folded before Flop (didn't bet)
Seat 5: 4fa22894 (button) folded before Flop (didn't bet)
Seat 6: 19eeadb9 (small blind) folded before Flop


Poker Hand #HD1773496431: Hold'em No Limit ($0.05/$0.1) - 2024/05/15 11:08:06
Table 'NLHRed109' 6-max Seat #4 is the button
Seat 2: Hero ($11.27 in chips)
Seat 3: 75b41237 ($20.24 in chips)
Seat 4: bc0c5ea5 ($17.45 in chips)
Seat 5: 4fa22894 ($10.48 in chips)
Seat 6: 19eeadb9 ($10.73 in chips)
4fa22894: posts small blind $0.05
19eeadb9: posts big blind $0.1
*** HOLE CARDS ***
Dealt to Hero [5s 5h]
Dealt to 75b41237 
Dealt to bc0c5ea5 
Dealt to 4fa22894 
Dealt to 19eeadb9 
Hero: raises $0.1 to $0.2
75b41237: folds
bc0c5ea5: folds
4fa22894: calls $0.15
19eeadb9: calls $0.1
*** FLOP *** [9h 4s Js]
4fa22894: checks
19eeadb9: bets $0.31
Hero: folds
4fa22894: folds
Uncalled bet ($0.31) returned to 19eeadb9
*** SHOWDOWN ***
19eeadb9 collected $0.57 from pot
*** SUMMARY ***
Total pot $0.6 | Rake $0.03 | Jackpot $0 | Bingo $0 | Fortune $0 | Tax $0
Board [9h 4s Js]
Seat 2: Hero folded on the Flop
Seat 3: 75b41237 folded before Flop (didn't bet)
Seat 4: bc0c5ea5 (button) folded before Flop (didn't bet)
Seat 5: 4fa22894 (small blind) folded on the Flop
Seat 6: 19eeadb9 (big blind) won ($0.57)


Poker Hand #HD1773496402: Hold'em No Limit ($0.05/$0.1) - 2024/05/15 11:07:36
Table 'NLHRed109' 6-max Seat #3 is the button
Seat 2: Hero ($11.27 in chips)
Seat 3: 75b41237 ($20.09 in chips)
Seat 4: bc0c5ea5 ($17.5 in chips)
Seat 5: 4fa22894 ($10.58 in chips)
Seat 6: 19eeadb9 ($10.73 in chips)
bc0c5ea5: posts small blind $0.05
4fa22894: posts big blind $0.1
*** HOLE CARDS ***
Dealt to Hero [3d Kd]
Dealt to 75b41237 
Dealt to bc0c5ea5 
Dealt to 4fa22894 
Dealt to 19eeadb9 
19eeadb9: folds
Hero: folds
75b41237: raises $0.14 to $0.24
bc0c5ea5: folds
4fa22894: folds
Uncalled bet ($0.14) returned to 75b41237
*** SHOWDOWN ***
75b41237 collected $0.25 from pot
*** SUMMARY ***
Total pot $0.25 | Rake $0 | Jackpot $0 | Bingo $0 | Fortune $0 | Tax $0
Seat 2: Hero folded before Flop (didn't bet)
Seat 3: 75b41237 (button) collected ($0.25)
Seat 4: bc0c5ea5 (small blind) folded before Flop
Seat 5: 4fa22894 (big blind) folded before Flop
Seat 6: 19eeadb9 folded before Flop (didn't bet)


Poker Hand #HD1773496383: Hold'em No Limit ($0.05/$0.1) - 2024/05/15 11:07:20
Table 'NLHRed109' 6-max Seat #2 is the button
Seat 2: Hero ($11.27 in chips)
Seat 3: 75b41237 ($20.14 in chips)
Seat 4: bc0c5ea5 ($17.45 in chips)
Seat 5: 4fa22894 ($10.58 in chips)
Seat 6: 19eeadb9 ($10.73 in chips)
75b41237: posts small blind $0.05
bc0c5ea5: posts big blind $0.1
*** HOLE CARDS ***
Dealt to Hero [8c 2s]
Dealt to 75b41237 
Dealt to bc0c5ea5 
Dealt to 4fa22894 
Dealt to 19eeadb9 
4fa22894: folds
19eeadb9: folds
Hero: folds
75b41237: folds
Uncalled bet ($0.05) returned to bc0c5ea5
*** SHOWDOWN ***
bc0c5ea5 collected $0.1 from pot
*** SUMMARY ***
Total pot $0.1 | Rake $0 | Jackpot $0 | Bingo $0 | Fortune $0 | Tax $0
Seat 2: Hero (button) folded before Flop (didn't bet)
Seat 3: 75b41237 (small blind) folded before Flop
Seat 4: bc0c5ea5 (big blind) collected ($0.1)
Seat 5: 4fa22894 folded before Flop (didn't bet)
Seat 6: 19eeadb9 folded before Flop (didn't bet)


Poker Hand #HD1773496334: Hold'em No Limit ($0.05/$0.1) - 2024/05/15 11:06:34
Table 'NLHRed109' 6-max Seat #6 is the button
Seat 2: Hero ($10.17 in chips)
Seat 3: 75b41237 ($20.54 in chips)
Seat 4: bc0c5ea5 ($17.45 in chips)
Seat 5: 4fa22894 ($11.38 in chips)
Seat 6: 19eeadb9 ($10.73 in chips)
Hero: posts small blind $0.05
75b41237: posts big blind $0.1
*** HOLE CARDS ***
Dealt to Hero [5h Ah]
Dealt to 75b41237 
Dealt to bc0c5ea5 
Dealt to 4fa22894 
Dealt to 19eeadb9 
bc0c5ea5: folds
4fa22894: calls $0.1
19eeadb9: folds
Hero: raises $0.3 to $0.4
75b41237: calls $0.3
4fa22894: calls $0.3
*** FLOP *** [8h 4c Kh]
Hero: bets $0.4
75b41237: folds
4fa22894: calls $0.4
*** TURN *** [8h 4c Kh] [9s]
Hero: checks
4fa22894: checks
*** RIVER *** [8h 4c Kh 9s] [Th]
Hero: bets $1.32
4fa22894: folds
Uncalled bet ($1.32) returned to Hero
*** SHOWDOWN ***
Hero collected $1.9 from pot
*** SUMMARY ***
Total pot $2 | Rake $0.1 | Jackpot $0 | Bingo $0 | Fortune $0 | Tax $0
Board [8h 4c Kh 9s Th]
Seat 2: Hero (small blind) won ($1.9)
Seat 3: 75b41237 (big blind) folded on the Flop
Seat 4: bc0c5ea5 folded before Flop (didn't bet)
Seat 5: 4fa22894 folded on the River
Seat 6: 19eeadb9 (button) folded before Flop (didn't bet)


Poker Hand #HD1773496243: Hold'em No Limit ($0.05/$0.1) - 2024/05/15 11:05:22
Table 'NLHRed109' 6-max Seat #5 is the button
Seat 1: d44823cc ($8.38 in chips)
Seat 2: Hero ($10.17 in chips)
Seat 3: 75b41237 ($12.81 in chips)
Seat 4: bc0c5ea5 ($17.45 in chips)
Seat 5: 4fa22894 ($11.62 in chips)
Seat 6: 19eeadb9 ($10.78 in chips)
19eeadb9: posts small blind $0.05
d44823cc: posts big blind $0.1
*** HOLE CARDS ***
Dealt to d44823cc 
Dealt to Hero [Qd 3d]
Dealt to 75b41237 
Dealt to bc0c5ea5 
Dealt to 4fa22894 
Dealt to 19eeadb9 
Hero: folds
75b41237: raises $0.14 to $0.24
bc0c5ea5: folds
4fa22894: calls $0.24
19eeadb9: folds
d44823cc: calls $0.14
*** FLOP *** [Th 7d 8s]
d44823cc: checks
75b41237: bets $0.26
4fa22894: folds
d44823cc: raises $0.65 to $0.91
75b41237: calls $0.65
*** TURN *** [Th 7d 8s] [5c]
d44823cc: bets $1.95
75b41237: raises $9.71 to $11.66 and is all-in
d44823cc: calls $5.28 and is all-in
Uncalled bet ($4.43) returned to 75b41237
75b41237: shows [Jd Js] (Pair of Jacks)
d44823cc: shows [7c 8c] (Pair of Eights and Pair of Sevens)
*** RIVER *** [Th 7d 8s 5c] [9c]
*** SHOWDOWN ***
75b41237 collected $16.11 from pot
*** SUMMARY ***
Total pot $17.05 | Rake $0.84 | Jackpot $0.1 | Bingo $0 | Fortune $0 | Tax $0
Board [Th 7d 8s 5c 9c]
Seat 1: d44823cc (big blind) showed [7c 8c] and lost with Pair of Eights and Pair of Sevens
Seat 2: Hero folded before Flop (didn't bet)
Seat 3: 75b41237 showed [Jd Js] and won ($16.11) with Jacks-High Straight
Seat 4: bc0c5ea5 folded before Flop (didn't bet)
Seat 5: 4fa22894 (button) folded on the Flop
Seat 6: 19eeadb9 (small blind) folded before Flop


Poker Hand #HD1773496196: Hold'em No Limit ($0.05/$0.1) - 2024/05/15 11:04:43
Table 'NLHRed109' 6-max Seat #4 is the button
Seat 1: d44823cc ($8.38 in chips)
Seat 2: Hero ($10.17 in chips)
Seat 3: 75b41237 ($12.81 in chips)
Seat 4: bc0c5ea5 ($17.45 in chips)
Seat 5: 4fa22894 ($11.53 in chips)
Seat 6: 19eeadb9 ($10.88 in chips)
4fa22894: posts small blind $0.05
19eeadb9: posts big blind $0.1
*** HOLE CARDS ***
Dealt to d44823cc 
Dealt to Hero [3h 4s]
Dealt to 75b41237 
Dealt to bc0c5ea5 
Dealt to 4fa22894 
Dealt to 19eeadb9 
d44823cc: folds
Hero: folds
75b41237: folds
bc0c5ea5: folds
4fa22894: calls $0.05
19eeadb9: checks
*** FLOP *** [7c Qc 2s]
4fa22894: checks
19eeadb9: checks
*** TURN *** [7c Qc 2s] [Ad]
4fa22894: checks
19eeadb9: checks
*** RIVER *** [7c Qc 2s Ad] [Qs]
4fa22894: bets $0.2
19eeadb9: folds
Uncalled bet ($0.2) returned to 4fa22894
*** SHOWDOWN ***
4fa22894 collected $0.19 from pot
*** SUMMARY ***
Total pot $0.2 | Rake $0.01 | Jackpot $0 | Bingo $0 | Fortune $0 | Tax $0
Board [7c Qc 2s Ad Qs]
Seat 1: d44823cc folded before Flop (didn't bet)
Seat 2: Hero folded before Flop (didn't bet)
Seat 3: 75b41237 folded before Flop (didn't bet)
Seat 4: bc0c5ea5 (button) folded before Flop (didn't bet)
Seat 5: 4fa22894 (small blind) won ($0.19)
Seat 6: 19eeadb9 (big blind) folded on the River


Poker Hand #HD1773496177: Hold'em No Limit ($0.05/$0.1) - 2024/05/15 11:04:24
Table 'NLHRed109' 6-max Seat #3 is the button
Seat 1: d44823cc ($8.38 in chips)
Seat 2: Hero ($10.17 in chips)
Seat 3: 75b41237 ($12.81 in chips)
Seat 4: bc0c5ea5 ($17.5 in chips)
Seat 5: 4fa22894 ($11.48 in chips)
Seat 6: 19eeadb9 ($10.88 in chips)
bc0c5ea5: posts small blind $0.05
4fa22894: posts big blind $0.1
*** HOLE CARDS ***
Dealt to d44823cc 
Dealt to Hero [Th 5h]
Dealt to 75b41237 
Dealt to bc0c5ea5 
Dealt to 4fa22894 
Dealt to 19eeadb9 
19eeadb9: folds
d44823cc: folds
Hero: folds
75b41237: folds
bc0c5ea5: folds
Uncalled bet ($0.05) returned to 4fa22894
*** SHOWDOWN ***
4fa22894 collected $0.1 from pot
*** SUMMARY ***
Total pot $0.1 | Rake $0 | Jackpot $0 | Bingo $0 | Fortune $0 | Tax $0
Seat 1: d44823cc folded before Flop (didn't bet)
Seat 2: Hero folded before Flop (didn't bet)
Seat 3: 75b41237 (button) folded before Flop (didn't bet)
Seat 4: bc0c5ea5 (small blind) folded before Flop
Seat 5: 4fa22894 (big blind) collected ($0.1)
Seat 6: 19eeadb9 folded before Flop (didn't bet)


Poker Hand #HD1773496135: Hold'em No Limit ($0.05/$0.1) - 2024/05/15 11:03:52
Table 'NLHRed109' 6-max Seat #2 is the button
Seat 1: d44823cc ($8.75 in chips)
Seat 2: Hero ($10.17 in chips)
Seat 3: 75b41237 ($12.86 in chips)
Seat 4: bc0c5ea5 ($17.6 in chips)
Seat 5: 4fa22894 ($11 in chips)
Seat 6: 19eeadb9 ($10.88 in chips)
75b41237: posts small blind $0.05
bc0c5ea5: posts big blind $0.1
*** HOLE CARDS ***
Dealt to d44823cc 
Dealt to Hero [9c Ah]
Dealt to 75b41237 
Dealt to bc0c5ea5 
Dealt to 4fa22894 
Dealt to 19eeadb9 
4fa22894: calls $0.1
19eeadb9: folds
d44823cc: raises $0.27 to $0.37
Hero: folds
75b41237: folds
bc0c5ea5: folds
4fa22894: calls $0.27
*** FLOP *** [8s 5c 2d]
4fa22894: checks
d44823cc: checks
*** TURN *** [8s 5c 2d] [Ad]
4fa22894: bets $0.3
d44823cc: folds
Uncalled bet ($0.3) returned to 4fa22894
*** SHOWDOWN ***
4fa22894 collected $0.85 from pot
*** SUMMARY ***
Total pot $0.89 | Rake $0.04 | Jackpot $0 | Bingo $0 | Fortune $0 | Tax $0
Board [8s 5c 2d Ad]
Seat 1: d44823cc folded on the Turn
Seat 2: Hero (button) folded before Flop (didn't bet)
Seat 3: 75b41237 (small blind) folded before Flop
Seat 4: bc0c5ea5 (big blind) folded before Flop
Seat 5: 4fa22894 won ($0.85)
Seat 6: 19eeadb9 folded before Flop (didn't bet)


Poker Hand #HD1773496051: Hold'em No Limit ($0.05/$0.1) - 2024/05/15 11:02:31
Table 'NLHRed109' 6-max Seat #1 is the button
Seat 1: d44823cc ($9.05 in chips)
Seat 2: Hero ($10.22 in chips)
Seat 3: 75b41237 ($13.68 in chips)
Seat 4: bc0c5ea5 ($15.56 in chips)
Seat 5: 4fa22894 ($11.82 in chips)
Seat 6: 19eeadb9 ($11.18 in chips)
Hero: posts small blind $0.05
75b41237: posts big blind $0.1
*** HOLE CARDS ***
Dealt to d44823cc 
Dealt to Hero [3h 6d]
Dealt to 75b41237 
Dealt to bc0c5ea5 
Dealt to 4fa22894 
Dealt to 19eeadb9 
bc0c5ea5: raises $0.2 to $0.3
4fa22894: calls $0.3
19eeadb9: calls $0.3
d44823cc: calls $0.3
Hero: folds
75b41237: calls $0.2
*** FLOP *** [8c 8h 9h]
75b41237: checks
bc0c5ea5: checks
4fa22894: bets $0.52
19eeadb9: folds
d44823cc: folds
75b41237: calls $0.52
bc0c5ea5: calls $0.52
*** TURN *** [8c 8h 9h] [9c]
75b41237: checks
bc0c5ea5: checks
4fa22894: checks
*** RIVER *** [8c 8h 9h 9c] [Ah]
75b41237: checks
bc0c5ea5: checks
4fa22894: checks
75b41237: shows [2d 2s] (Pair of Nines and Pair of Eights)
bc0c5ea5: shows [Qd 9d] (Nines Full over Eights)
4fa22894: shows [Th Ts] (Pair of Tens and Pair of Nines)
*** SHOWDOWN ***
bc0c5ea5 collected $2.86 from pot
*** SUMMARY ***
Total pot $3.11 | Rake $0.15 | Jackpot $0.1 | Bingo $0 | Fortune $0 | Tax $0
Board [8c 8h 9h 9c Ah]
Seat 1: d44823cc (button) folded on the Flop
Seat 2: Hero (small blind) folded before Flop
Seat 3: 75b41237 (big blind) showed [2d 2s] and lost with Pair of Nines and Pair of Eights
Seat 4: bc0c5ea5 showed [Qd 9d] and won ($2.86) with Nines Full over Eights
Seat 5: 4fa22894 showed [Th Ts] and lost with Pair of Tens and Pair of Nines
Seat 6: 19eeadb9 folded on the Flop


Poker Hand #HD1773495956: Hold'em No Limit ($0.05/$0.1) - 2024/05/15 11:01:14
Table 'NLHRed109' 6-max Seat #6 is the button
Seat 1: d44823cc ($9.29 in chips)
Seat 2: Hero ($10 in chips)
Seat 3: 75b41237 ($13.68 in chips)
Seat 4: bc0c5ea5 ($15.56 in chips)
Seat 6: 19eeadb9 ($11.18 in chips)
d44823cc: posts small blind $0.05
Hero: posts big blind $0.1
*** HOLE CARDS ***
Dealt to d44823cc 
Dealt to Hero [8s Js]
Dealt to 75b41237 
Dealt to bc0c5ea5 
Dealt to 19eeadb9 
75b41237: folds
bc0c5ea5: folds
19eeadb9: folds
d44823cc: calls $0.05
Hero: checks
*** FLOP *** [7s Qs 4d]
d44823cc: checks
Hero: bets $0.14
d44823cc: calls $0.14
*** TURN *** [7s Qs 4d] [3h]
d44823cc: checks
Hero: checks
*** RIVER *** [7s Qs 4d 3h] [7c]
d44823cc: checks
Hero: bets $0.4
d44823cc: folds
Uncalled bet ($0.4) returned to Hero
*** SHOWDOWN ***
Hero collected $0.46 from pot
*** SUMMARY ***
Total pot $0.48 | Rake $0.02 | Jackpot $0 | Bingo $0 | Fortune $0 | Tax $0
Board [7s Qs 4d 3h 7c]
Seat 1: d44823cc (small blind) folded on the River
Seat 2: Hero (big blind) won ($0.46)
Seat 3: 75b41237 folded before Flop (didn't bet)
Seat 4: bc0c5ea5 folded before Flop (didn't bet)
Seat 6: 19eeadb9 (button) folded before Flop (didn't bet)


