Poker Hand #HD1781987355: Hold'em No Limit ($0.05/$0.1) - 2024/05/21 15:34:27
Table 'NLHRed16' 6-max Seat #5 is the button
Seat 1: 8ccc6dfe ($10.66 in chips)
Seat 2: 850f0437 ($13.29 in chips)
Seat 3: 4907fede ($2.22 in chips)
Seat 4: 482b7d30 ($10.94 in chips)
Seat 5: Hero ($10.45 in chips)
Seat 6: 646beaea ($9.12 in chips)
646beaea: posts small blind $0.05
8ccc6dfe: posts big blind $0.1
*** HOLE CARDS ***
Dealt to 8ccc6dfe 
Dealt to 850f0437 
Dealt to 4907fede 
Dealt to 482b7d30 
Dealt to Hero [3c Ts]
Dealt to 646beaea 
850f0437: folds
4907fede: folds
482b7d30: folds
Hero: folds
646beaea: raises $0.1 to $0.2
8ccc6dfe: folds
Uncalled bet ($0.1) returned to 646beaea
*** SHOWDOWN ***
646beaea collected $0.2 from pot
*** SUMMARY ***
Total pot $0.2 | Rake $0 | Jackpot $0 | Bingo $0 | Fortune $0 | Tax $0
Seat 1: 8ccc6dfe (big blind) folded before Flop
Seat 2: 850f0437 folded before Flop (didn't bet)
Seat 3: 4907fede folded before Flop (didn't bet)
Seat 4: 482b7d30 folded before Flop (didn't bet)
Seat 5: Hero (button) folded before Flop (didn't bet)
Seat 6: 646beaea (small blind) collected ($0.2)


Poker Hand #HD1781987330: Hold'em No Limit ($0.05/$0.1) - 2024/05/21 15:34:10
Table 'NLHRed16' 6-max Seat #4 is the button
Seat 1: 8ccc6dfe ($10.66 in chips)
Seat 2: 850f0437 ($13.29 in chips)
Seat 3: 4907fede ($2.22 in chips)
Seat 4: 482b7d30 ($10.94 in chips)
Seat 5: Hero ($10.35 in chips)
Seat 6: 646beaea ($9.22 in chips)
Hero: posts small blind $0.05
646beaea: posts big blind $0.1
*** HOLE CARDS ***
Dealt to 8ccc6dfe 
Dealt to 850f0437 
Dealt to 4907fede 
Dealt to 482b7d30 
Dealt to Hero [8h 9c]
Dealt to 646beaea 
8ccc6dfe: folds
850f0437: folds
4907fede: folds
482b7d30: folds
Hero: raises $0.2 to $0.3
646beaea: folds
Uncalled bet ($0.2) returned to Hero
*** SHOWDOWN ***
Hero collected $0.2 from pot
*** SUMMARY ***
Total pot $0.2 | Rake $0 | Jackpot $0 | Bingo $0 | Fortune $0 | Tax $0
Seat 1: 8ccc6dfe folded before Flop (didn't bet)
Seat 2: 850f0437 folded before Flop (didn't bet)
Seat 3: 4907fede folded before Flop (didn't bet)
Seat 4: 482b7d30 (button) folded before Flop (didn't bet)
Seat 5: Hero (small blind) collected ($0.2)
Seat 6: 646beaea (big blind) folded before Flop


Poker Hand #HD1781987228: Hold'em No Limit ($0.05/$0.1) - 2024/05/21 15:33:08
Table 'NLHRed16' 6-max Seat #3 is the button
Seat 1: 8ccc6dfe ($11.21 in chips)
Seat 2: 850f0437 ($13.29 in chips)
Seat 3: 4907fede ($2.22 in chips)
Seat 4: 482b7d30 ($10.35 in chips)
Seat 5: Hero ($10.45 in chips)
Seat 6: 646beaea ($9.22 in chips)
482b7d30: posts small blind $0.05
Hero: posts big blind $0.1
*** HOLE CARDS ***
Dealt to 8ccc6dfe 
Dealt to 850f0437 
Dealt to 4907fede 
Dealt to 482b7d30 
Dealt to Hero [Jd 5c]
Dealt to 646beaea 
646beaea: folds
8ccc6dfe: raises $0.15 to $0.25
850f0437: folds
4907fede: folds
482b7d30: calls $0.2
Hero: folds
*** FLOP *** [8d 7s 6c]
482b7d30: checks
8ccc6dfe: checks
*** TURN *** [8d 7s 6c] [Jh]
482b7d30: checks
8ccc6dfe: bets $0.3
482b7d30: calls $0.3
*** RIVER *** [8d 7s 6c Jh] [5d]
482b7d30: bets $0.8
8ccc6dfe: folds
Uncalled bet ($0.8) returned to 482b7d30
*** SHOWDOWN ***
482b7d30 collected $1.14 from pot
*** SUMMARY ***
Total pot $1.2 | Rake $0.06 | Jackpot $0 | Bingo $0 | Fortune $0 | Tax $0
Board [8d 7s 6c Jh 5d]
Seat 1: 8ccc6dfe folded on the River
Seat 2: 850f0437 folded before Flop (didn't bet)
Seat 3: 4907fede (button) folded before Flop (didn't bet)
Seat 4: 482b7d30 (small blind) won ($1.14)
Seat 5: Hero (big blind) folded before Flop
Seat 6: 646beaea folded before Flop (didn't bet)


Poker Hand #HD1781987209: Hold'em No Limit ($0.05/$0.1) - 2024/05/21 15:32:59
Table 'NLHRed16' 6-max Seat #2 is the button
Seat 1: 8ccc6dfe ($11.21 in chips)
Seat 2: 850f0437 ($13.29 in chips)
Seat 3: 4907fede ($2.27 in chips)
Seat 4: 482b7d30 ($10.3 in chips)
Seat 5: Hero ($10.45 in chips)
Seat 6: 646beaea ($9.22 in chips)
4907fede: posts small blind $0.05
482b7d30: posts big blind $0.1
*** HOLE CARDS ***
Dealt to 8ccc6dfe 
Dealt to 850f0437 
Dealt to 4907fede 
Dealt to 482b7d30 
Dealt to Hero [5h 3d]
Dealt to 646beaea 
Hero: folds
646beaea: folds
8ccc6dfe: folds
850f0437: folds
4907fede: folds
Uncalled bet ($0.05) returned to 482b7d30
*** SHOWDOWN ***
482b7d30 collected $0.1 from pot
*** SUMMARY ***
Total pot $0.1 | Rake $0 | Jackpot $0 | Bingo $0 | Fortune $0 | Tax $0
Seat 1: 8ccc6dfe folded before Flop (didn't bet)
Seat 2: 850f0437 (button) folded before Flop (didn't bet)
Seat 3: 4907fede (small blind) folded before Flop
Seat 4: 482b7d30 (big blind) collected ($0.1)
Seat 5: Hero folded before Flop (didn't bet)
Seat 6: 646beaea folded before Flop (didn't bet)


Poker Hand #HD1781987152: Hold'em No Limit ($0.05/$0.1) - 2024/05/21 15:32:24
Table 'NLHRed16' 6-max Seat #1 is the button
Seat 1: 8ccc6dfe ($11.21 in chips)
Seat 2: 850f0437 ($13.59 in chips)
Seat 3: 4907fede ($2 in chips)
Seat 4: 482b7d30 ($10.3 in chips)
Seat 5: Hero ($10.45 in chips)
Seat 6: 646beaea ($9.22 in chips)
850f0437: posts small blind $0.05
4907fede: posts big blind $0.1
*** HOLE CARDS ***
Dealt to 8ccc6dfe 
Dealt to 850f0437 
Dealt to 4907fede 
Dealt to 482b7d30 
Dealt to Hero [Kd 5d]
Dealt to 646beaea 
482b7d30: folds
Hero: folds
646beaea: folds
8ccc6dfe: folds
850f0437: calls $0.05
4907fede: raises $0.2 to $0.3
850f0437: calls $0.2
*** FLOP *** [6h Th 6c]
850f0437: checks
4907fede: bets $0.6
850f0437: folds
Uncalled bet ($0.6) returned to 4907fede
*** SHOWDOWN ***
4907fede collected $0.57 from pot
*** SUMMARY ***
Total pot $0.6 | Rake $0.03 | Jackpot $0 | Bingo $0 | Fortune $0 | Tax $0
Board [6h Th 6c]
Seat 1: 8ccc6dfe (button) folded before Flop (didn't bet)
Seat 2: 850f0437 (small blind) folded on the Flop
Seat 3: 4907fede (big blind) won ($0.57)
Seat 4: 482b7d30 folded before Flop (didn't bet)
Seat 5: Hero folded before Flop (didn't bet)
Seat 6: 646beaea folded before Flop (didn't bet)


Poker Hand #HD1781987117: Hold'em No Limit ($0.05/$0.1) - 2024/05/21 15:32:08
Table 'NLHRed16' 6-max Seat #6 is the button
Seat 1: 8ccc6dfe ($11.26 in chips)
Seat 2: 850f0437 ($13.54 in chips)
Seat 3: 4907fede ($2 in chips)
Seat 4: 482b7d30 ($10.3 in chips)
Seat 5: Hero ($10.45 in chips)
Seat 6: 646beaea ($9.22 in chips)
8ccc6dfe: posts small blind $0.05
850f0437: posts big blind $0.1
*** HOLE CARDS ***
Dealt to 8ccc6dfe 
Dealt to 850f0437 
Dealt to 4907fede 
Dealt to 482b7d30 
Dealt to Hero [Jd 8s]
Dealt to 646beaea 
4907fede: folds
482b7d30: folds
Hero: folds
646beaea: folds
8ccc6dfe: folds
Uncalled bet ($0.05) returned to 850f0437
*** SHOWDOWN ***
850f0437 collected $0.1 from pot
*** SUMMARY ***
Total pot $0.1 | Rake $0 | Jackpot $0 | Bingo $0 | Fortune $0 | Tax $0
Seat 1: 8ccc6dfe (small blind) folded before Flop
Seat 2: 850f0437 (big blind) collected ($0.1)
Seat 3: 4907fede folded before Flop (didn't bet)
Seat 4: 482b7d30 folded before Flop (didn't bet)
Seat 5: Hero folded before Flop (didn't bet)
Seat 6: 646beaea (button) folded before Flop (didn't bet)


Poker Hand #HD1781987066: Hold'em No Limit ($0.05/$0.1) - 2024/05/21 15:31:38
Table 'NLHRed16' 6-max Seat #5 is the button
Seat 1: 8ccc6dfe ($11.36 in chips)
Seat 2: 850f0437 ($13.54 in chips)
Seat 3: 4907fede ($2 in chips)
Seat 4: 482b7d30 ($10.15 in chips)
Seat 5: Hero ($10.45 in chips)
Seat 6: 646beaea ($9.27 in chips)
646beaea: posts small blind $0.05
8ccc6dfe: posts big blind $0.1
*** HOLE CARDS ***
Dealt to 8ccc6dfe 
Dealt to 850f0437 
Dealt to 4907fede 
Dealt to 482b7d30 
Dealt to Hero [Qs 7s]
Dealt to 646beaea 
850f0437: folds
4907fede: folds
482b7d30: raises $0.15 to $0.25
Hero: folds
646beaea: folds
8ccc6dfe: folds
Uncalled bet ($0.15) returned to 482b7d30
*** SHOWDOWN ***
482b7d30 collected $0.25 from pot
*** SUMMARY ***
Total pot $0.25 | Rake $0 | Jackpot $0 | Bingo $0 | Fortune $0 | Tax $0
Seat 1: 8ccc6dfe (big blind) folded before Flop
Seat 2: 850f0437 folded before Flop (didn't bet)
Seat 3: 4907fede folded before Flop (didn't bet)
Seat 4: 482b7d30 collected ($0.25)
Seat 5: Hero (button) folded before Flop (didn't bet)
Seat 6: 646beaea (small blind) folded before Flop


Poker Hand #HD1781987016: Hold'em No Limit ($0.05/$0.1) - 2024/05/21 15:31:10
Table 'NLHRed16' 6-max Seat #4 is the button
Seat 1: 8ccc6dfe ($11.36 in chips)
Seat 2: 850f0437 ($13.54 in chips)
Seat 3: 4907fede ($2 in chips)
Seat 4: 482b7d30 ($10 in chips)
Seat 5: Hero ($10.5 in chips)
Seat 6: 646beaea ($9.37 in chips)
Hero: posts small blind $0.05
646beaea: posts big blind $0.1
*** HOLE CARDS ***
Dealt to 8ccc6dfe 
Dealt to 850f0437 
Dealt to 4907fede 
Dealt to 482b7d30 
Dealt to Hero [9s 3c]
Dealt to 646beaea 
8ccc6dfe: folds
850f0437: folds
4907fede: folds
482b7d30: raises $0.12 to $0.22
Hero: folds
646beaea: folds
Uncalled bet ($0.12) returned to 482b7d30
*** SHOWDOWN ***
482b7d30 collected $0.25 from pot
*** SUMMARY ***
Total pot $0.25 | Rake $0 | Jackpot $0 | Bingo $0 | Fortune $0 | Tax $0
Seat 1: 8ccc6dfe folded before Flop (didn't bet)
Seat 2: 850f0437 folded before Flop (didn't bet)
Seat 3: 4907fede folded before Flop (didn't bet)
Seat 4: 482b7d30 (button) collected ($0.25)
Seat 5: Hero (small blind) folded before Flop
Seat 6: 646beaea (big blind) folded before Flop


Poker Hand #HD1781986971: Hold'em No Limit ($0.05/$0.1) - 2024/05/21 15:30:45
Table 'NLHRed16' 6-max Seat #3 is the button
Seat 1: 8ccc6dfe ($11.36 in chips)
Seat 2: 850f0437 ($13.54 in chips)
Seat 3: 4907fede ($2 in chips)
Seat 4: 482b7d30 ($10 in chips)
Seat 5: Hero ($10.45 in chips)
Seat 6: 646beaea ($9.37 in chips)
482b7d30: posts small blind $0.05
Hero: posts big blind $0.1
*** HOLE CARDS ***
Dealt to 8ccc6dfe 
Dealt to 850f0437 
Dealt to 4907fede 
Dealt to 482b7d30 
Dealt to Hero [8s 8h]
Dealt to 646beaea 
646beaea: folds
8ccc6dfe: folds
850f0437: folds
4907fede: folds
482b7d30: folds
Uncalled bet ($0.05) returned to Hero
*** SHOWDOWN ***
Hero collected $0.1 from pot
*** SUMMARY ***
Total pot $0.1 | Rake $0 | Jackpot $0 | Bingo $0 | Fortune $0 | Tax $0
Seat 1: 8ccc6dfe folded before Flop (didn't bet)
Seat 2: 850f0437 folded before Flop (didn't bet)
Seat 3: 4907fede (button) folded before Flop (didn't bet)
Seat 4: 482b7d30 (small blind) folded before Flop
Seat 5: Hero (big blind) collected ($0.1)
Seat 6: 646beaea folded before Flop (didn't bet)


Poker Hand #HD1781986938: Hold'em No Limit ($0.05/$0.1) - 2024/05/21 15:30:27
Table 'NLHRed16' 6-max Seat #2 is the button
Seat 1: 8ccc6dfe ($11.36 in chips)
Seat 2: 850f0437 ($13.54 in chips)
Seat 3: 4907fede ($2.05 in chips)
Seat 4: 482b7d30 ($10 in chips)
Seat 5: Hero ($10.3 in chips)
Seat 6: 646beaea ($9.37 in chips)
4907fede: posts small blind $0.05
482b7d30: posts big blind $0.1
*** HOLE CARDS ***
Dealt to 8ccc6dfe 
Dealt to 850f0437 
Dealt to 4907fede 
Dealt to 482b7d30 
Dealt to Hero [As 9s]
Dealt to 646beaea 
Hero: raises $0.1 to $0.2
646beaea: folds
8ccc6dfe: folds
850f0437: folds
4907fede: folds
482b7d30: folds
Uncalled bet ($0.1) returned to Hero
*** SHOWDOWN ***
Hero collected $0.25 from pot
*** SUMMARY ***
Total pot $0.25 | Rake $0 | Jackpot $0 | Bingo $0 | Fortune $0 | Tax $0
Seat 1: 8ccc6dfe folded before Flop (didn't bet)
Seat 2: 850f0437 (button) folded before Flop (didn't bet)
Seat 3: 4907fede (small blind) folded before Flop
Seat 4: 482b7d30 (big blind) folded before Flop
Seat 5: Hero collected ($0.25)
Seat 6: 646beaea folded before Flop (didn't bet)


Poker Hand #HD1781986904: Hold'em No Limit ($0.05/$0.1) - 2024/05/21 15:30:05
Table 'NLHRed16' 6-max Seat #1 is the button
Seat 1: 8ccc6dfe ($11.36 in chips)
Seat 2: 850f0437 ($13.59 in chips)
Seat 3: 4907fede ($2 in chips)
Seat 4: 482b7d30 ($10 in chips)
Seat 5: Hero ($10.3 in chips)
Seat 6: 646beaea ($9.37 in chips)
850f0437: posts small blind $0.05
4907fede: posts big blind $0.1
*** HOLE CARDS ***
Dealt to 8ccc6dfe 
Dealt to 850f0437 
Dealt to 4907fede 
Dealt to 482b7d30 
Dealt to Hero [7h 2d]
Dealt to 646beaea 
482b7d30: folds
Hero: folds
646beaea: folds
8ccc6dfe: folds
850f0437: folds
Uncalled bet ($0.05) returned to 4907fede
*** SHOWDOWN ***
4907fede collected $0.1 from pot
*** SUMMARY ***
Total pot $0.1 | Rake $0 | Jackpot $0 | Bingo $0 | Fortune $0 | Tax $0
Seat 1: 8ccc6dfe (button) folded before Flop (didn't bet)
Seat 2: 850f0437 (small blind) folded before Flop
Seat 3: 4907fede (big blind) collected ($0.1)
Seat 4: 482b7d30 folded before Flop (didn't bet)
Seat 5: Hero folded before Flop (didn't bet)
Seat 6: 646beaea folded before Flop (didn't bet)


Poker Hand #HD1781986877: Hold'em No Limit ($0.05/$0.1) - 2024/05/21 15:29:48
Table 'NLHRed16' 6-max Seat #6 is the button
Seat 1: 8ccc6dfe ($11.41 in chips)
Seat 2: 850f0437 ($13.69 in chips)
Seat 4: 482b7d30 ($10 in chips)
Seat 5: Hero ($10.15 in chips)
Seat 6: 646beaea ($9.37 in chips)
8ccc6dfe: posts small blind $0.05
850f0437: posts big blind $0.1
*** HOLE CARDS ***
Dealt to 8ccc6dfe 
Dealt to 850f0437 
Dealt to 482b7d30 
Dealt to Hero [As Kc]
Dealt to 646beaea 
482b7d30: folds
Hero: raises $0.14 to $0.24
646beaea: folds
8ccc6dfe: folds
850f0437: folds
Uncalled bet ($0.14) returned to Hero
*** SHOWDOWN ***
Hero collected $0.25 from pot
*** SUMMARY ***
Total pot $0.25 | Rake $0 | Jackpot $0 | Bingo $0 | Fortune $0 | Tax $0
Seat 1: 8ccc6dfe (small blind) folded before Flop
Seat 2: 850f0437 (big blind) folded before Flop
Seat 4: 482b7d30 folded before Flop (didn't bet)
Seat 5: Hero collected ($0.25)
Seat 6: 646beaea (button) folded before Flop (didn't bet)


Poker Hand #HD1781986852: Hold'em No Limit ($0.05/$0.1) - 2024/05/21 15:29:36
Table 'NLHRed16' 6-max Seat #5 is the button
Seat 1: 8ccc6dfe ($11.36 in chips)
Seat 2: 850f0437 ($13.69 in chips)
Seat 4: 482b7d30 ($10 in chips)
Seat 5: Hero ($10.15 in chips)
Seat 6: 646beaea ($9.42 in chips)
646beaea: posts small blind $0.05
8ccc6dfe: posts big blind $0.1
*** HOLE CARDS ***
Dealt to 8ccc6dfe 
Dealt to 850f0437 
Dealt to 482b7d30 
Dealt to Hero [7s 6d]
Dealt to 646beaea 
850f0437: folds
482b7d30: folds
Hero: folds
646beaea: folds
Uncalled bet ($0.05) returned to 8ccc6dfe
*** SHOWDOWN ***
8ccc6dfe collected $0.1 from pot
*** SUMMARY ***
Total pot $0.1 | Rake $0 | Jackpot $0 | Bingo $0 | Fortune $0 | Tax $0
Seat 1: 8ccc6dfe (big blind) collected ($0.1)
Seat 2: 850f0437 folded before Flop (didn't bet)
Seat 4: 482b7d30 folded before Flop (didn't bet)
Seat 5: Hero (button) folded before Flop (didn't bet)
Seat 6: 646beaea (small blind) folded before Flop


Poker Hand #HD1781986811: Hold'em No Limit ($0.05/$0.1) - 2024/05/21 15:29:14
Table 'NLHRed16' 6-max Seat #4 is the button
Seat 1: 8ccc6dfe ($11.36 in chips)
Seat 2: 850f0437 ($13.69 in chips)
Seat 4: 482b7d30 ($10 in chips)
Seat 5: Hero ($10.05 in chips)
Seat 6: 646beaea ($9.52 in chips)
Hero: posts small blind $0.05
646beaea: posts big blind $0.1
*** HOLE CARDS ***
Dealt to 8ccc6dfe 
Dealt to 850f0437 
Dealt to 482b7d30 
Dealt to Hero [2c 2h]
Dealt to 646beaea 
8ccc6dfe: folds
850f0437: folds
482b7d30: folds
Hero: raises $0.2 to $0.3
646beaea: folds
Uncalled bet ($0.2) returned to Hero
*** SHOWDOWN ***
Hero collected $0.2 from pot
*** SUMMARY ***
Total pot $0.2 | Rake $0 | Jackpot $0 | Bingo $0 | Fortune $0 | Tax $0
Seat 1: 8ccc6dfe folded before Flop (didn't bet)
Seat 2: 850f0437 folded before Flop (didn't bet)
Seat 4: 482b7d30 (button) folded before Flop (didn't bet)
Seat 5: Hero (small blind) collected ($0.2)
Seat 6: 646beaea (big blind) folded before Flop


Poker Hand #HD1781986788: Hold'em No Limit ($0.05/$0.1) - 2024/05/21 15:29:01
Table 'NLHRed16' 6-max Seat #2 is the button
Seat 1: 8ccc6dfe ($11.36 in chips)
Seat 2: 850f0437 ($13.69 in chips)
Seat 4: 482b7d30 ($10.05 in chips)
Seat 5: Hero ($10 in chips)
Seat 6: 646beaea ($9.52 in chips)
482b7d30: posts small blind $0.05
Hero: posts big blind $0.1
*** HOLE CARDS ***
Dealt to 8ccc6dfe 
Dealt to 850f0437 
Dealt to 482b7d30 
Dealt to Hero [Ts 6d]
Dealt to 646beaea 
646beaea: folds
8ccc6dfe: folds
850f0437: folds
482b7d30: folds
Uncalled bet ($0.05) returned to Hero
*** SHOWDOWN ***
Hero collected $0.1 from pot
*** SUMMARY ***
Total pot $0.1 | Rake $0 | Jackpot $0 | Bingo $0 | Fortune $0 | Tax $0
Seat 1: 8ccc6dfe folded before Flop (didn't bet)
Seat 2: 850f0437 (button) folded before Flop (didn't bet)
Seat 4: 482b7d30 (small blind) folded before Flop
Seat 5: Hero (big blind) collected ($0.1)
Seat 6: 646beaea folded before Flop (didn't bet)


Poker Hand #HD1781986750: Hold'em No Limit ($0.05/$0.1) - 2024/05/21 15:28:43
Table 'NLHRed16' 6-max Seat #1 is the button
Seat 1: 8ccc6dfe ($11.36 in chips)
Seat 2: 850f0437 ($13.74 in chips)
Seat 4: 482b7d30 ($10 in chips)
Seat 5: Hero ($10 in chips)
Seat 6: 646beaea ($9.52 in chips)
850f0437: posts small blind $0.05
482b7d30: posts big blind $0.1
*** HOLE CARDS ***
Dealt to 8ccc6dfe 
Dealt to 850f0437 
Dealt to 482b7d30 
Dealt to Hero [4s Kh]
Dealt to 646beaea 
Hero: folds
646beaea: folds
8ccc6dfe: folds
850f0437: folds
Uncalled bet ($0.05) returned to 482b7d30
*** SHOWDOWN ***
482b7d30 collected $0.1 from pot
*** SUMMARY ***
Total pot $0.1 | Rake $0 | Jackpot $0 | Bingo $0 | Fortune $0 | Tax $0
Seat 1: 8ccc6dfe (button) folded before Flop (didn't bet)
Seat 2: 850f0437 (small blind) folded before Flop
Seat 4: 482b7d30 (big blind) collected ($0.1)
Seat 5: Hero folded before Flop (didn't bet)
Seat 6: 646beaea folded before Flop (didn't bet)


Poker Hand #HD1781986727: Hold'em No Limit ($0.05/$0.1) - 2024/05/21 15:28:29
Table 'NLHRed16' 6-max Seat #6 is the button
Seat 1: 8ccc6dfe ($11.41 in chips)
Seat 2: 850f0437 ($13.84 in chips)
Seat 3: 8ba7e1f1 ($10.53 in chips)
Seat 5: Hero ($10 in chips)
Seat 6: 646beaea ($9.37 in chips)
8ccc6dfe: posts small blind $0.05
850f0437: posts big blind $0.1
*** HOLE CARDS ***
Dealt to 8ccc6dfe 
Dealt to 850f0437 
Dealt to 8ba7e1f1 
Dealt to Hero [9c 3c]
Dealt to 646beaea 
8ba7e1f1: folds
Hero: folds
646beaea: raises $0.1 to $0.2
8ccc6dfe: folds
850f0437: folds
Uncalled bet ($0.1) returned to 646beaea
*** SHOWDOWN ***
646beaea collected $0.25 from pot
*** SUMMARY ***
Total pot $0.25 | Rake $0 | Jackpot $0 | Bingo $0 | Fortune $0 | Tax $0
Seat 1: 8ccc6dfe (small blind) folded before Flop
Seat 2: 850f0437 (big blind) folded before Flop
Seat 3: 8ba7e1f1 folded before Flop (didn't bet)
Seat 5: Hero folded before Flop (didn't bet)
Seat 6: 646beaea (button) collected ($0.25)


Poker Hand #HD1781986704: Hold'em No Limit ($0.05/$0.1) - 2024/05/21 15:28:15
Table 'NLHRed16' 6-max Seat #5 is the button
Seat 1: 8ccc6dfe ($11.51 in chips)
Seat 2: 850f0437 ($13.69 in chips)
Seat 3: 8ba7e1f1 ($10.53 in chips)
Seat 5: Hero ($10 in chips)
Seat 6: 646beaea ($9.42 in chips)
646beaea: posts small blind $0.05
8ccc6dfe: posts big blind $0.1
*** HOLE CARDS ***
Dealt to 8ccc6dfe 
Dealt to 850f0437 
Dealt to 8ba7e1f1 
Dealt to Hero [Qd 4s]
Dealt to 646beaea 
850f0437: raises $0.12 to $0.22
8ba7e1f1: folds
Hero: folds
646beaea: folds
8ccc6dfe: folds
Uncalled bet ($0.12) returned to 850f0437
*** SHOWDOWN ***
850f0437 collected $0.25 from pot
*** SUMMARY ***
Total pot $0.25 | Rake $0 | Jackpot $0 | Bingo $0 | Fortune $0 | Tax $0
Seat 1: 8ccc6dfe (big blind) folded before Flop
Seat 2: 850f0437 collected ($0.25)
Seat 3: 8ba7e1f1 folded before Flop (didn't bet)
Seat 5: Hero (button) folded before Flop (didn't bet)
Seat 6: 646beaea (small blind) folded before Flop


Poker Hand #HD1781986630: Hold'em No Limit ($0.05/$0.1) - 2024/05/21 15:27:34
Table 'NLHRed16' 6-max Seat #3 is the button
Seat 1: 8ccc6dfe ($11.51 in chips)
Seat 2: 850f0437 ($13.12 in chips)
Seat 3: 8ba7e1f1 ($10.53 in chips)
Seat 5: Hero ($10 in chips)
Seat 6: 646beaea ($10 in chips)
Hero: posts small blind $0.05
646beaea: posts big blind $0.1
*** HOLE CARDS ***
Dealt to 8ccc6dfe 
Dealt to 850f0437 
Dealt to 8ba7e1f1 
Dealt to Hero [3s Tc]
Dealt to 646beaea 
8ccc6dfe: folds
850f0437: raises $0.12 to $0.22
8ba7e1f1: folds
Hero: folds
646beaea: calls $0.12
*** FLOP *** [5s 2c 8d]
646beaea: checks
850f0437: bets $0.36
646beaea: calls $0.36
*** TURN *** [5s 2c 8d] [9s]
646beaea: checks
850f0437: bets $0.89
646beaea: folds
Uncalled bet ($0.89) returned to 850f0437
*** SHOWDOWN ***
850f0437 collected $1.15 from pot
*** SUMMARY ***
Total pot $1.21 | Rake $0.06 | Jackpot $0 | Bingo $0 | Fortune $0 | Tax $0
Board [5s 2c 8d 9s]
Seat 1: 8ccc6dfe folded before Flop (didn't bet)
Seat 2: 850f0437 won ($1.15)
Seat 3: 8ba7e1f1 (button) folded before Flop (didn't bet)
Seat 5: Hero (small blind) folded before Flop
Seat 6: 646beaea (big blind) folded on the Turn


Poker Hand #HD1781986598: Hold'em No Limit ($0.05/$0.1) - 2024/05/21 15:27:11
Table 'NLHRed16' 6-max Seat #2 is the button
Seat 1: 8ccc6dfe ($11.51 in chips)
Seat 2: 850f0437 ($12.97 in chips)
Seat 3: 8ba7e1f1 ($10.58 in chips)
Seat 5: Hero ($10 in chips)
8ba7e1f1: posts small blind $0.05
Hero: posts big blind $0.1
*** HOLE CARDS ***
Dealt to 8ccc6dfe 
Dealt to 850f0437 
Dealt to 8ba7e1f1 
Dealt to Hero [3c 6s]
8ccc6dfe: folds
850f0437: raises $0.12 to $0.22
8ba7e1f1: folds
Hero: folds
Uncalled bet ($0.12) returned to 850f0437
*** SHOWDOWN ***
850f0437 collected $0.25 from pot
*** SUMMARY ***
Total pot $0.25 | Rake $0 | Jackpot $0 | Bingo $0 | Fortune $0 | Tax $0
Seat 1: 8ccc6dfe folded before Flop (didn't bet)
Seat 2: 850f0437 (button) collected ($0.25)
Seat 3: 8ba7e1f1 (small blind) folded before Flop
Seat 5: Hero (big blind) folded before Flop


Poker Hand #HD1781986552: Hold'em No Limit ($0.05/$0.1) - 2024/05/21 15:26:44
Table 'NLHRed16' 6-max Seat #1 is the button
Seat 1: 8ccc6dfe ($11.36 in chips)
Seat 2: 850f0437 ($13.02 in chips)
Seat 3: 8ba7e1f1 ($10.68 in chips)
Seat 4: d52c84d0 ($10 in chips)
Seat 5: Hero ($10 in chips)
850f0437: posts small blind $0.05
8ba7e1f1: posts big blind $0.1
*** HOLE CARDS ***
Dealt to 8ccc6dfe 
Dealt to 850f0437 
Dealt to 8ba7e1f1 
Dealt to d52c84d0 
Dealt to Hero [5h As]
d52c84d0: folds
Hero: folds
8ccc6dfe: raises $0.15 to $0.25
850f0437: folds
8ba7e1f1: folds
Uncalled bet ($0.15) returned to 8ccc6dfe
*** SHOWDOWN ***
8ccc6dfe collected $0.25 from pot
*** SUMMARY ***
Total pot $0.25 | Rake $0 | Jackpot $0 | Bingo $0 | Fortune $0 | Tax $0
Seat 1: 8ccc6dfe (button) collected ($0.25)
Seat 2: 850f0437 (small blind) folded before Flop
Seat 3: 8ba7e1f1 (big blind) folded before Flop
Seat 4: d52c84d0 folded before Flop (didn't bet)
Seat 5: Hero folded before Flop (didn't bet)


Poker Hand #HD1781986446: Hold'em No Limit ($0.05/$0.1) - 2024/05/21 15:25:48
Table 'NLHRed16' 6-max Seat #5 is the button
Seat 1: 8ccc6dfe ($10.82 in chips)
Seat 2: 850f0437 ($13.62 in chips)
Seat 3: 8ba7e1f1 ($10.68 in chips)
Seat 4: d52c84d0 ($10 in chips)
Seat 5: Hero ($10 in chips)
8ccc6dfe: posts small blind $0.05
850f0437: posts big blind $0.1
*** HOLE CARDS ***
Dealt to 8ccc6dfe 
Dealt to 850f0437 
Dealt to 8ba7e1f1 
Dealt to d52c84d0 
Dealt to Hero [3s 9d]
8ba7e1f1: folds
d52c84d0: folds
Hero: folds
8ccc6dfe: raises $0.2 to $0.3
850f0437: calls $0.2
*** FLOP *** [4c As 5h]
8ccc6dfe: checks
850f0437: checks
*** TURN *** [4c As 5h] [8d]
8ccc6dfe: checks
850f0437: bets $0.3
8ccc6dfe: calls $0.3
*** RIVER *** [4c As 5h 8d] [9s]
8ccc6dfe: checks
850f0437: checks
8ccc6dfe: shows [7c 9c] (Pair of Nines)
850f0437: shows [7d 8s] (Pair of Eights)
*** SHOWDOWN ***
8ccc6dfe collected $1.14 from pot
*** SUMMARY ***
Total pot $1.2 | Rake $0.06 | Jackpot $0 | Bingo $0 | Fortune $0 | Tax $0
Board [4c As 5h 8d 9s]
Seat 1: 8ccc6dfe (small blind) showed [7c 9c] and won ($1.14) with Pair of Nines
Seat 2: 850f0437 (big blind) showed [7d 8s] and lost with Pair of Eights
Seat 3: 8ba7e1f1 folded before Flop (didn't bet)
Seat 4: d52c84d0 folded before Flop (didn't bet)
Seat 5: Hero (button) folded before Flop (didn't bet)


Poker Hand #HD1781986366: Hold'em No Limit ($0.05/$0.1) - 2024/05/21 15:25:01
Table 'NLHRed16' 6-max Seat #4 is the button
Seat 1: 8ccc6dfe ($10.82 in chips)
Seat 2: 850f0437 ($11.65 in chips)
Seat 3: 8ba7e1f1 ($10.9 in chips)
Seat 4: d52c84d0 ($10 in chips)
Seat 5: Hero ($10 in chips)
Seat 6: 32314d6c ($2 in chips)
Hero: posts small blind $0.05
32314d6c: posts big blind $0.1
*** HOLE CARDS ***
Dealt to 8ccc6dfe 
Dealt to 850f0437 
Dealt to 8ba7e1f1 
Dealt to d52c84d0 
Dealt to Hero [5h Ts]
Dealt to 32314d6c 
8ccc6dfe: folds
850f0437: raises $0.12 to $0.22
8ba7e1f1: calls $0.22
d52c84d0: folds
Hero: folds
32314d6c: calls $0.12
*** FLOP *** [4c Qs 3c]
32314d6c: bets $0.36
850f0437: raises $1.76 to $2.12
8ba7e1f1: folds
32314d6c: calls $1.42 and is all-in
Uncalled bet ($0.34) returned to 850f0437
850f0437: shows [Qh As] (Pair of Queens)
32314d6c: shows [8c 2c] (Queen-High)
*** TURN *** [4c Qs 3c] [4d]
*** RIVER *** [4c Qs 3c 4d] [Kh]
*** SHOWDOWN ***
850f0437 collected $3.97 from pot
*** SUMMARY ***
Total pot $4.27 | Rake $0.2 | Jackpot $0.1 | Bingo $0 | Fortune $0 | Tax $0
Board [4c Qs 3c 4d Kh]
Seat 1: 8ccc6dfe folded before Flop (didn't bet)
Seat 2: 850f0437 showed [Qh As] and won ($3.97) with Pair of Queens and Pair of Fours
Seat 3: 8ba7e1f1 folded on the Flop
Seat 4: d52c84d0 (button) folded before Flop (didn't bet)
Seat 5: Hero (small blind) folded before Flop
Seat 6: 32314d6c (big blind) showed [8c 2c] and lost with Pair of Fours


Poker Hand #HD1781986244: Hold'em No Limit ($0.05/$0.1) - 2024/05/21 15:23:49
Table 'NLHRed16' 6-max Seat #3 is the button
Seat 1: 8ccc6dfe ($11.82 in chips)
Seat 2: 850f0437 ($11.65 in chips)
Seat 3: 8ba7e1f1 ($9.85 in chips)
Seat 4: d52c84d0 ($10 in chips)
Seat 5: Hero ($10 in chips)
Seat 6: 76ca3e1 ($24.02 in chips)
d52c84d0: posts small blind $0.05
Hero: posts big blind $0.1
*** HOLE CARDS ***
Dealt to 8ccc6dfe 
Dealt to 850f0437 
Dealt to 8ba7e1f1 
Dealt to d52c84d0 
Dealt to Hero [Js 2s]
Dealt to 76ca3e1 
76ca3e1: folds
8ccc6dfe: raises $0.15 to $0.25
850f0437: folds
8ba7e1f1: calls $0.25
d52c84d0: folds
Hero: folds
*** FLOP *** [3h 3d 9s]
8ccc6dfe: bets $0.33
8ba7e1f1: calls $0.33
*** TURN *** [3h 3d 9s] [9d]
8ccc6dfe: bets $0.42
8ba7e1f1: raises $0.71 to $1.13
8ccc6dfe: folds
Uncalled bet ($0.71) returned to 8ba7e1f1
*** SHOWDOWN ***
8ba7e1f1 collected $2.05 from pot
*** SUMMARY ***
Total pot $2.15 | Rake $0.1 | Jackpot $0 | Bingo $0 | Fortune $0 | Tax $0
Board [3h 3d 9s 9d]
Seat 1: 8ccc6dfe folded on the Turn
Seat 2: 850f0437 folded before Flop (didn't bet)
Seat 3: 8ba7e1f1 (button) won ($2.05)
Seat 4: d52c84d0 (small blind) folded before Flop
Seat 5: Hero (big blind) folded before Flop
Seat 6: 76ca3e1 folded before Flop (didn't bet)


Poker Hand #HD1781986189: Hold'em No Limit ($0.05/$0.1) - 2024/05/21 15:23:15
Table 'NLHRed16' 6-max Seat #2 is the button
Seat 1: 8ccc6dfe ($11.49 in chips)
Seat 2: 850f0437 ($11.65 in chips)
Seat 3: 8ba7e1f1 ($9.9 in chips)
Seat 4: d52c84d0 ($10.09 in chips)
Seat 5: Hero ($10 in chips)
Seat 6: 76ca3e1 ($24.02 in chips)
8ba7e1f1: posts small blind $0.05
d52c84d0: posts big blind $0.1
*** HOLE CARDS ***
Dealt to 8ccc6dfe 
Dealt to 850f0437 
Dealt to 8ba7e1f1 
Dealt to d52c84d0 
Dealt to Hero [Ad 5d]
Dealt to 76ca3e1 
Hero: raises $0.1 to $0.2
76ca3e1: folds
8ccc6dfe: raises $0.42 to $0.62
850f0437: folds
8ba7e1f1: folds
d52c84d0: folds
Hero: folds
Uncalled bet ($0.42) returned to 8ccc6dfe
*** SHOWDOWN ***
8ccc6dfe collected $0.53 from pot
*** SUMMARY ***
Total pot $0.55 | Rake $0.02 | Jackpot $0 | Bingo $0 | Fortune $0 | Tax $0
Seat 1: 8ccc6dfe collected ($0.53)
Seat 2: 850f0437 (button) folded before Flop (didn't bet)
Seat 3: 8ba7e1f1 (small blind) folded before Flop
Seat 4: d52c84d0 (big blind) folded before Flop
Seat 5: Hero folded before Flop
Seat 6: 76ca3e1 folded before Flop (didn't bet)


Poker Hand #HD1781986140: Hold'em No Limit ($0.05/$0.1) - 2024/05/21 15:22:46
Table 'NLHRed16' 6-max Seat #1 is the button
Seat 1: 8ccc6dfe ($11.25 in chips)
Seat 2: 850f0437 ($11.7 in chips)
Seat 3: 8ba7e1f1 ($10 in chips)
Seat 4: d52c84d0 ($10.09 in chips)
Seat 5: Hero ($10 in chips)
Seat 6: 76ca3e1 ($24.12 in chips)
850f0437: posts small blind $0.05
8ba7e1f1: posts big blind $0.1
*** HOLE CARDS ***
Dealt to 8ccc6dfe 
Dealt to 850f0437 
Dealt to 8ba7e1f1 
Dealt to d52c84d0 
Dealt to Hero [5c Jc]
Dealt to 76ca3e1 
d52c84d0: folds
Hero: folds
76ca3e1: calls $0.1
8ccc6dfe: raises $0.27 to $0.37
850f0437: folds
8ba7e1f1: folds
76ca3e1: folds
Uncalled bet ($0.27) returned to 8ccc6dfe
*** SHOWDOWN ***
8ccc6dfe collected $0.34 from pot
*** SUMMARY ***
Total pot $0.35 | Rake $0.01 | Jackpot $0 | Bingo $0 | Fortune $0 | Tax $0
Seat 1: 8ccc6dfe (button) collected ($0.34)
Seat 2: 850f0437 (small blind) folded before Flop
Seat 3: 8ba7e1f1 (big blind) folded before Flop
Seat 4: d52c84d0 folded before Flop (didn't bet)
Seat 5: Hero folded before Flop (didn't bet)
Seat 6: 76ca3e1 folded before Flop


Poker Hand #HD1781986053: Hold'em No Limit ($0.05/$0.1) - 2024/05/21 15:21:56
Table 'NLHRed16' 6-max Seat #6 is the button
Seat 1: 8ccc6dfe ($10.71 in chips)
Seat 2: 850f0437 ($12.3 in chips)
Seat 4: d52c84d0 ($10.09 in chips)
Seat 5: Hero ($10 in chips)
Seat 6: 76ca3e1 ($24.12 in chips)
8ccc6dfe: posts small blind $0.05
850f0437: posts big blind $0.1
*** HOLE CARDS ***
Dealt to 8ccc6dfe 
Dealt to 850f0437 
Dealt to d52c84d0 
Dealt to Hero [9h 6d]
Dealt to 76ca3e1 
d52c84d0: folds
Hero: folds
76ca3e1: folds
8ccc6dfe: raises $0.2 to $0.3
850f0437: calls $0.2
*** FLOP *** [Td 9s 5h]
8ccc6dfe: bets $0.3
850f0437: calls $0.3
*** TURN *** [Td 9s 5h] [2s]
8ccc6dfe: bets $0.85
850f0437: folds
Uncalled bet ($0.85) returned to 8ccc6dfe
*** SHOWDOWN ***
8ccc6dfe collected $1.14 from pot
*** SUMMARY ***
Total pot $1.2 | Rake $0.06 | Jackpot $0 | Bingo $0 | Fortune $0 | Tax $0
Board [Td 9s 5h 2s]
Seat 1: 8ccc6dfe (small blind) won ($1.14)
Seat 2: 850f0437 (big blind) folded on the Turn
Seat 4: d52c84d0 folded before Flop (didn't bet)
Seat 5: Hero folded before Flop (didn't bet)
Seat 6: 76ca3e1 (button) folded before Flop (didn't bet)


Poker Hand #HD1781985987: Hold'em No Limit ($0.05/$0.1) - 2024/05/21 15:21:19
Table 'NLHRed16' 6-max Seat #5 is the button
Seat 1: 8ccc6dfe ($10.48 in chips)
Seat 2: 850f0437 ($12.3 in chips)
Seat 4: d52c84d0 ($10.09 in chips)
Seat 5: Hero ($10 in chips)
Seat 6: 76ca3e1 ($24.37 in chips)
76ca3e1: posts small blind $0.05
8ccc6dfe: posts big blind $0.1
*** HOLE CARDS ***
Dealt to 8ccc6dfe 
Dealt to 850f0437 
Dealt to d52c84d0 
Dealt to Hero [5s 7d]
Dealt to 76ca3e1 
850f0437: folds
d52c84d0: folds
Hero: folds
76ca3e1: calls $0.05
8ccc6dfe: raises $0.15 to $0.25
76ca3e1: calls $0.15
*** FLOP *** [9s Qh 2h]
76ca3e1: checks
8ccc6dfe: bets $0.25
76ca3e1: folds
Uncalled bet ($0.25) returned to 8ccc6dfe
*** SHOWDOWN ***
8ccc6dfe collected $0.48 from pot
*** SUMMARY ***
Total pot $0.5 | Rake $0.02 | Jackpot $0 | Bingo $0 | Fortune $0 | Tax $0
Board [9s Qh 2h]
Seat 1: 8ccc6dfe (big blind) won ($0.48)
Seat 2: 850f0437 folded before Flop (didn't bet)
Seat 4: d52c84d0 folded before Flop (didn't bet)
Seat 5: Hero (button) folded before Flop (didn't bet)
Seat 6: 76ca3e1 (small blind) folded on the Flop


Poker Hand #HD1781985949: Hold'em No Limit ($0.05/$0.1) - 2024/05/21 15:20:58
Table 'NLHRed16' 6-max Seat #4 is the button
Seat 1: 8ccc6dfe ($10.33 in chips)
Seat 2: 850f0437 ($12.3 in chips)
Seat 3: 2cd5cbd ($21.46 in chips)
Seat 4: d52c84d0 ($10.09 in chips)
Seat 5: Hero ($10 in chips)
Seat 6: 76ca3e1 ($24.47 in chips)
Hero: posts small blind $0.05
76ca3e1: posts big blind $0.1
*** HOLE CARDS ***
Dealt to 8ccc6dfe 
Dealt to 850f0437 
Dealt to 2cd5cbd 
Dealt to d52c84d0 
Dealt to Hero [3c Jc]
Dealt to 76ca3e1 
8ccc6dfe: raises $0.2 to $0.3
850f0437: folds
2cd5cbd: folds
d52c84d0: folds
Hero: folds
76ca3e1: folds
Uncalled bet ($0.2) returned to 8ccc6dfe
*** SHOWDOWN ***
8ccc6dfe collected $0.25 from pot
*** SUMMARY ***
Total pot $0.25 | Rake $0 | Jackpot $0 | Bingo $0 | Fortune $0 | Tax $0
Seat 1: 8ccc6dfe collected ($0.25)
Seat 2: 850f0437 folded before Flop (didn't bet)
Seat 3: 2cd5cbd folded before Flop (didn't bet)
Seat 4: d52c84d0 (button) folded before Flop (didn't bet)
Seat 5: Hero (small blind) folded before Flop
Seat 6: 76ca3e1 (big blind) folded before Flop


Poker Hand #HD1781985811: Hold'em No Limit ($0.05/$0.1) - 2024/05/21 15:19:38
Table 'NLHRed16' 6-max Seat #3 is the button
Seat 1: 8ccc6dfe ($10.33 in chips)
Seat 2: 850f0437 ($11.56 in chips)
Seat 3: 2cd5cbd ($22.12 in chips)
Seat 4: d52c84d0 ($10.14 in chips)
Seat 5: Hero ($10 in chips)
Seat 6: 76ca3e1 ($24.47 in chips)
d52c84d0: posts small blind $0.05
Hero: posts big blind $0.1
*** HOLE CARDS ***
Dealt to 8ccc6dfe 
Dealt to 850f0437 
Dealt to 2cd5cbd 
Dealt to d52c84d0 
Dealt to Hero [2h Kd]
Dealt to 76ca3e1 
76ca3e1: folds
8ccc6dfe: folds
850f0437: raises $0.12 to $0.22
2cd5cbd: calls $0.22
d52c84d0: folds
Hero: folds
*** FLOP *** [9c 7d Jh]
850f0437: checks
2cd5cbd: checks
*** TURN *** [9c 7d Jh] [Qs]
850f0437: bets $0.44
2cd5cbd: calls $0.44
*** RIVER *** [9c 7d Jh Qs] [Ah]
850f0437: bets $1.08
2cd5cbd: folds
Uncalled bet ($1.08) returned to 850f0437
*** SHOWDOWN ***
850f0437 collected $1.4 from pot
*** SUMMARY ***
Total pot $1.47 | Rake $0.07 | Jackpot $0 | Bingo $0 | Fortune $0 | Tax $0
Board [9c 7d Jh Qs Ah]
Seat 1: 8ccc6dfe folded before Flop (didn't bet)
Seat 2: 850f0437 won ($1.4)
Seat 3: 2cd5cbd (button) folded on the River
Seat 4: d52c84d0 (small blind) folded before Flop
Seat 5: Hero (big blind) folded before Flop
Seat 6: 76ca3e1 folded before Flop (didn't bet)


