Poker Hand #HD1782014993: Hold'em No Limit ($0.05/$0.1) - 2024/05/21 16:51:17
Table 'NLHRed40' 6-max Seat #4 is the button
Seat 1: Hero ($10.23 in chips)
Seat 4: 13f850d3 ($11.72 in chips)
Seat 5: bf9b1a5d ($10.3 in chips)
bf9b1a5d: posts small blind $0.05
Hero: posts big blind $0.1
*** HOLE CARDS ***
Dealt to Hero [5s 2h]
Dealt to 13f850d3 
Dealt to bf9b1a5d 
13f850d3: folds
bf9b1a5d: folds
Uncalled bet ($0.05) returned to Hero
*** SHOWDOWN ***
Hero collected $0.1 from pot
*** SUMMARY ***
Total pot $0.1 | Rake $0 | Jackpot $0 | Bingo $0 | Fortune $0 | Tax $0
Seat 1: Hero (big blind) collected ($0.1)
Seat 4: 13f850d3 (button) folded before Flop (didn't bet)
Seat 5: bf9b1a5d (small blind) folded before Flop


Poker Hand #HD1782014974: Hold'em No Limit ($0.05/$0.1) - 2024/05/21 16:51:04
Table 'NLHRed40' 6-max Seat #1 is the button
Seat 1: Hero ($10.23 in chips)
Seat 3: 848b0309 ($10 in chips)
Seat 4: 13f850d3 ($11.82 in chips)
Seat 5: bf9b1a5d ($10.15 in chips)
848b0309: posts small blind $0.05
13f850d3: posts big blind $0.1
*** HOLE CARDS ***
Dealt to Hero [Ts 6c]
Dealt to 848b0309 
Dealt to 13f850d3 
Dealt to bf9b1a5d 
bf9b1a5d: raises $0.1 to $0.2
Hero: folds
848b0309: folds
13f850d3: folds
Uncalled bet ($0.1) returned to bf9b1a5d
*** SHOWDOWN ***
bf9b1a5d collected $0.25 from pot
*** SUMMARY ***
Total pot $0.25 | Rake $0 | Jackpot $0 | Bingo $0 | Fortune $0 | Tax $0
Seat 1: Hero (button) folded before Flop (didn't bet)
Seat 3: 848b0309 (small blind) folded before Flop
Seat 4: 13f850d3 (big blind) folded before Flop
Seat 5: bf9b1a5d collected ($0.25)


Poker Hand #HD1782014952: Hold'em No Limit ($0.05/$0.1) - 2024/05/21 16:50:53
Table 'NLHRed40' 6-max Seat #5 is the button
Seat 1: Hero ($10.28 in chips)
Seat 3: 848b0309 ($10 in chips)
Seat 4: 13f850d3 ($11.82 in chips)
Seat 5: bf9b1a5d ($10 in chips)
Hero: posts small blind $0.05
848b0309: posts big blind $0.1
*** HOLE CARDS ***
Dealt to Hero [Tc 8c]
Dealt to 848b0309 
Dealt to 13f850d3 
Dealt to bf9b1a5d 
13f850d3: folds
bf9b1a5d: raises $0.1 to $0.2
Hero: folds
848b0309: folds
Uncalled bet ($0.1) returned to bf9b1a5d
*** SHOWDOWN ***
bf9b1a5d collected $0.25 from pot
*** SUMMARY ***
Total pot $0.25 | Rake $0 | Jackpot $0 | Bingo $0 | Fortune $0 | Tax $0
Seat 1: Hero (small blind) folded before Flop
Seat 3: 848b0309 (big blind) folded before Flop
Seat 4: 13f850d3 folded before Flop (didn't bet)
Seat 5: bf9b1a5d (button) collected ($0.25)


Poker Hand #HD1782014924: Hold'em No Limit ($0.05/$0.1) - 2024/05/21 16:50:38
Table 'NLHRed40' 6-max Seat #4 is the button
Seat 1: Hero ($10.23 in chips)
Seat 4: 13f850d3 ($11.82 in chips)
Seat 5: bf9b1a5d ($10.05 in chips)
bf9b1a5d: posts small blind $0.05
Hero: posts big blind $0.1
*** HOLE CARDS ***
Dealt to Hero [Tc Ad]
Dealt to 13f850d3 
Dealt to bf9b1a5d 
13f850d3: folds
bf9b1a5d: folds
Uncalled bet ($0.05) returned to Hero
*** SHOWDOWN ***
Hero collected $0.1 from pot
*** SUMMARY ***
Total pot $0.1 | Rake $0 | Jackpot $0 | Bingo $0 | Fortune $0 | Tax $0
Seat 1: Hero (big blind) collected ($0.1)
Seat 4: 13f850d3 (button) folded before Flop (didn't bet)
Seat 5: bf9b1a5d (small blind) folded before Flop


Poker Hand #HD1782014889: Hold'em No Limit ($0.05/$0.1) - 2024/05/21 16:50:22
Table 'NLHRed40' 6-max Seat #1 is the button
Seat 1: Hero ($10.23 in chips)
Seat 4: 13f850d3 ($11.87 in chips)
Seat 5: bf9b1a5d ($10 in chips)
13f850d3: posts small blind $0.05
bf9b1a5d: posts big blind $0.1
*** HOLE CARDS ***
Dealt to Hero [8h Kc]
Dealt to 13f850d3 
Dealt to bf9b1a5d 
Hero: folds
13f850d3: folds
Uncalled bet ($0.05) returned to bf9b1a5d
*** SHOWDOWN ***
bf9b1a5d collected $0.1 from pot
*** SUMMARY ***
Total pot $0.1 | Rake $0 | Jackpot $0 | Bingo $0 | Fortune $0 | Tax $0
Seat 1: Hero (button) folded before Flop (didn't bet)
Seat 4: 13f850d3 (small blind) folded before Flop
Seat 5: bf9b1a5d (big blind) collected ($0.1)


Poker Hand #HD1782014857: Hold'em No Limit ($0.05/$0.1) - 2024/05/21 16:50:05
Table 'NLHRed40' 6-max Seat #5 is the button
Seat 1: Hero ($10.33 in chips)
Seat 4: 13f850d3 ($11.72 in chips)
Seat 5: bf9b1a5d ($10 in chips)
Seat 6: a3433a2f ($6.86 in chips)
a3433a2f: posts small blind $0.05
Hero: posts big blind $0.1
*** HOLE CARDS ***
Dealt to Hero [5c Ah]
Dealt to 13f850d3 
Dealt to bf9b1a5d 
Dealt to a3433a2f 
13f850d3: raises $0.15 to $0.25
bf9b1a5d: folds
a3433a2f: folds
Hero: folds
Uncalled bet ($0.15) returned to 13f850d3
*** SHOWDOWN ***
13f850d3 collected $0.25 from pot
*** SUMMARY ***
Total pot $0.25 | Rake $0 | Jackpot $0 | Bingo $0 | Fortune $0 | Tax $0
Seat 1: Hero (big blind) folded before Flop
Seat 4: 13f850d3 collected ($0.25)
Seat 5: bf9b1a5d (button) folded before Flop (didn't bet)
Seat 6: a3433a2f (small blind) folded before Flop


Poker Hand #HD1782014836: Hold'em No Limit ($0.05/$0.1) - 2024/05/21 16:49:55
Table 'NLHRed40' 6-max Seat #4 is the button
Seat 1: Hero ($10.33 in chips)
Seat 4: 13f850d3 ($11.72 in chips)
Seat 5: bf9b1a5d ($10.05 in chips)
Seat 6: a3433a2f ($6.81 in chips)
bf9b1a5d: posts small blind $0.05
a3433a2f: posts big blind $0.1
*** HOLE CARDS ***
Dealt to Hero [2c 3d]
Dealt to 13f850d3 
Dealt to bf9b1a5d 
Dealt to a3433a2f 
Hero: folds
13f850d3: folds
bf9b1a5d: folds
Uncalled bet ($0.05) returned to a3433a2f
*** SHOWDOWN ***
a3433a2f collected $0.1 from pot
*** SUMMARY ***
Total pot $0.1 | Rake $0 | Jackpot $0 | Bingo $0 | Fortune $0 | Tax $0
Seat 1: Hero folded before Flop (didn't bet)
Seat 4: 13f850d3 (button) folded before Flop (didn't bet)
Seat 5: bf9b1a5d (small blind) folded before Flop
Seat 6: a3433a2f (big blind) collected ($0.1)


Poker Hand #HD1782014815: Hold'em No Limit ($0.05/$0.1) - 2024/05/21 16:49:42
Table 'NLHRed40' 6-max Seat #1 is the button
Seat 1: Hero ($10.33 in chips)
Seat 4: 13f850d3 ($11.77 in chips)
Seat 5: bf9b1a5d ($10 in chips)
Seat 6: a3433a2f ($6.81 in chips)
13f850d3: posts small blind $0.05
bf9b1a5d: posts big blind $0.1
*** HOLE CARDS ***
Dealt to Hero [2d Qc]
Dealt to 13f850d3 
Dealt to bf9b1a5d 
Dealt to a3433a2f 
a3433a2f: folds
Hero: folds
13f850d3: folds
Uncalled bet ($0.05) returned to bf9b1a5d
*** SHOWDOWN ***
bf9b1a5d collected $0.1 from pot
*** SUMMARY ***
Total pot $0.1 | Rake $0 | Jackpot $0 | Bingo $0 | Fortune $0 | Tax $0
Seat 1: Hero (button) folded before Flop (didn't bet)
Seat 4: 13f850d3 (small blind) folded before Flop
Seat 5: bf9b1a5d (big blind) collected ($0.1)
Seat 6: a3433a2f folded before Flop (didn't bet)


Poker Hand #HD1782014791: Hold'em No Limit ($0.05/$0.1) - 2024/05/21 16:49:31
Table 'NLHRed40' 6-max Seat #6 is the button
Seat 1: Hero ($10.38 in chips)
Seat 4: 13f850d3 ($11.72 in chips)
Seat 5: bf9b1a5d ($10 in chips)
Seat 6: a3433a2f ($6.81 in chips)
Hero: posts small blind $0.05
13f850d3: posts big blind $0.1
*** HOLE CARDS ***
Dealt to Hero [7s Td]
Dealt to 13f850d3 
Dealt to bf9b1a5d 
Dealt to a3433a2f 
bf9b1a5d: folds
a3433a2f: folds
Hero: folds
Uncalled bet ($0.05) returned to 13f850d3
*** SHOWDOWN ***
13f850d3 collected $0.1 from pot
*** SUMMARY ***
Total pot $0.1 | Rake $0 | Jackpot $0 | Bingo $0 | Fortune $0 | Tax $0
Seat 1: Hero (small blind) folded before Flop
Seat 4: 13f850d3 (big blind) collected ($0.1)
Seat 5: bf9b1a5d folded before Flop (didn't bet)
Seat 6: a3433a2f (button) folded before Flop (didn't bet)


Poker Hand #HD1782014771: Hold'em No Limit ($0.05/$0.1) - 2024/05/21 16:49:19
Table 'NLHRed40' 6-max Seat #5 is the button
Seat 1: Hero ($10.48 in chips)
Seat 3: 88707f58 ($12.6 in chips)
Seat 4: 13f850d3 ($11.72 in chips)
Seat 5: bf9b1a5d ($10 in chips)
Seat 6: a3433a2f ($6.86 in chips)
a3433a2f: posts small blind $0.05
Hero: posts big blind $0.1
*** HOLE CARDS ***
Dealt to Hero [5d 8c]
Dealt to 88707f58 
Dealt to 13f850d3 
Dealt to bf9b1a5d 
Dealt to a3433a2f 
88707f58: raises $0.2 to $0.3
13f850d3: folds
bf9b1a5d: folds
a3433a2f: folds
Hero: folds
Uncalled bet ($0.2) returned to 88707f58
*** SHOWDOWN ***
88707f58 collected $0.25 from pot
*** SUMMARY ***
Total pot $0.25 | Rake $0 | Jackpot $0 | Bingo $0 | Fortune $0 | Tax $0
Seat 1: Hero (big blind) folded before Flop
Seat 3: 88707f58 collected ($0.25)
Seat 4: 13f850d3 folded before Flop (didn't bet)
Seat 5: bf9b1a5d (button) folded before Flop (didn't bet)
Seat 6: a3433a2f (small blind) folded before Flop


Poker Hand #HD1782014540: Hold'em No Limit ($0.05/$0.1) - 2024/05/21 16:47:27
Table 'NLHRed40' 6-max Seat #4 is the button
Seat 1: Hero ($10.48 in chips)
Seat 2: 8cff2515 ($2 in chips)
Seat 3: 88707f58 ($12.6 in chips)
Seat 4: 13f850d3 ($11.08 in chips)
Seat 5: bf9b1a5d ($10 in chips)
Seat 6: a3433a2f ($7.41 in chips)
bf9b1a5d: posts small blind $0.05
a3433a2f: posts big blind $0.1
8cff2515: posts big blind $0.1
*** HOLE CARDS ***
Dealt to Hero [5d 4c]
Dealt to 8cff2515 
Dealt to 88707f58 
Dealt to 13f850d3 
Dealt to bf9b1a5d 
Dealt to a3433a2f 
Hero: folds
8cff2515: checks
88707f58: folds
13f850d3: raises $0.2 to $0.3
bf9b1a5d: folds
a3433a2f: calls $0.2
8cff2515: folds
*** FLOP *** [7h Qd 7s]
a3433a2f: checks
13f850d3: bets $0.25
a3433a2f: calls $0.25
*** TURN *** [7h Qd 7s] [9h]
a3433a2f: checks
13f850d3: bets $1.2
a3433a2f: folds
Uncalled bet ($1.2) returned to 13f850d3
*** SHOWDOWN ***
13f850d3 collected $1.19 from pot
*** SUMMARY ***
Total pot $1.25 | Rake $0.06 | Jackpot $0 | Bingo $0 | Fortune $0 | Tax $0
Board [7h Qd 7s 9h]
Seat 1: Hero folded before Flop (didn't bet)
Seat 2: 8cff2515 folded before Flop
Seat 3: 88707f58 folded before Flop (didn't bet)
Seat 4: 13f850d3 (button) won ($1.19)
Seat 5: bf9b1a5d (small blind) folded before Flop
Seat 6: a3433a2f (big blind) folded on the Turn


Poker Hand #HD1782014441: Hold'em No Limit ($0.05/$0.1) - 2024/05/21 16:46:33
Table 'NLHRed40' 6-max Seat #3 is the button
Seat 1: Hero ($10.06 in chips)
Seat 3: 88707f58 ($12.8 in chips)
Seat 4: 13f850d3 ($11.13 in chips)
Seat 5: bf9b1a5d ($10.02 in chips)
Seat 6: a3433a2f ($7.41 in chips)
13f850d3: posts small blind $0.05
bf9b1a5d: posts big blind $0.1
*** HOLE CARDS ***
Dealt to Hero [8h Qh]
Dealt to 88707f58 
Dealt to 13f850d3 
Dealt to bf9b1a5d 
Dealt to a3433a2f 
a3433a2f: folds
Hero: raises $0.1 to $0.2
88707f58: calls $0.2
13f850d3: folds
bf9b1a5d: calls $0.1
*** FLOP *** [Th Ah Ts]
bf9b1a5d: checks
Hero: bets $0.3
88707f58: folds
bf9b1a5d: folds
Uncalled bet ($0.3) returned to Hero
*** SHOWDOWN ***
Hero collected $0.62 from pot
*** SUMMARY ***
Total pot $0.65 | Rake $0.03 | Jackpot $0 | Bingo $0 | Fortune $0 | Tax $0
Board [Th Ah Ts]
Seat 1: Hero won ($0.62)
Seat 3: 88707f58 (button) folded on the Flop
Seat 4: 13f850d3 (small blind) folded before Flop
Seat 5: bf9b1a5d (big blind) folded on the Flop
Seat 6: a3433a2f folded before Flop (didn't bet)


Poker Hand #HD1782014397: Hold'em No Limit ($0.05/$0.1) - 2024/05/21 16:46:12
Table 'NLHRed40' 6-max Seat #1 is the button
Seat 1: Hero ($10.06 in chips)
Seat 3: 88707f58 ($12.85 in chips)
Seat 4: 13f850d3 ($11.08 in chips)
Seat 5: bf9b1a5d ($10.02 in chips)
Seat 6: a3433a2f ($7.41 in chips)
88707f58: posts small blind $0.05
13f850d3: posts big blind $0.1
*** HOLE CARDS ***
Dealt to Hero [3c 5c]
Dealt to 88707f58 
Dealt to 13f850d3 
Dealt to bf9b1a5d 
Dealt to a3433a2f 
bf9b1a5d: folds
a3433a2f: folds
Hero: folds
88707f58: folds
Uncalled bet ($0.05) returned to 13f850d3
*** SHOWDOWN ***
13f850d3 collected $0.1 from pot
*** SUMMARY ***
Total pot $0.1 | Rake $0 | Jackpot $0 | Bingo $0 | Fortune $0 | Tax $0
Seat 1: Hero (button) folded before Flop (didn't bet)
Seat 3: 88707f58 (small blind) folded before Flop
Seat 4: 13f850d3 (big blind) collected ($0.1)
Seat 5: bf9b1a5d folded before Flop (didn't bet)
Seat 6: a3433a2f folded before Flop (didn't bet)


Poker Hand #HD1782014375: Hold'em No Limit ($0.05/$0.1) - 2024/05/21 16:45:56
Table 'NLHRed40' 6-max Seat #6 is the button
Seat 1: Hero ($10.11 in chips)
Seat 3: 88707f58 ($12.95 in chips)
Seat 4: 13f850d3 ($10.93 in chips)
Seat 5: bf9b1a5d ($10.02 in chips)
Seat 6: a3433a2f ($7.41 in chips)
Hero: posts small blind $0.05
88707f58: posts big blind $0.1
*** HOLE CARDS ***
Dealt to Hero [2c 7c]
Dealt to 88707f58 
Dealt to 13f850d3 
Dealt to bf9b1a5d 
Dealt to a3433a2f 
13f850d3: raises $0.15 to $0.25
bf9b1a5d: folds
a3433a2f: folds
Hero: folds
88707f58: folds
Uncalled bet ($0.15) returned to 13f850d3
*** SHOWDOWN ***
13f850d3 collected $0.25 from pot
*** SUMMARY ***
Total pot $0.25 | Rake $0 | Jackpot $0 | Bingo $0 | Fortune $0 | Tax $0
Seat 1: Hero (small blind) folded before Flop
Seat 3: 88707f58 (big blind) folded before Flop
Seat 4: 13f850d3 collected ($0.25)
Seat 5: bf9b1a5d folded before Flop (didn't bet)
Seat 6: a3433a2f (button) folded before Flop (didn't bet)


Poker Hand #HD1782014324: Hold'em No Limit ($0.05/$0.1) - 2024/05/21 16:45:25
Table 'NLHRed40' 6-max Seat #5 is the button
Seat 1: Hero ($10.21 in chips)
Seat 2: 44fb1728 ($8.01 in chips)
Seat 3: 88707f58 ($12.95 in chips)
Seat 4: 13f850d3 ($10.78 in chips)
Seat 5: bf9b1a5d ($10.02 in chips)
Seat 6: a3433a2f ($7.46 in chips)
a3433a2f: posts small blind $0.05
Hero: posts big blind $0.1
*** HOLE CARDS ***
Dealt to Hero [6c Jd]
Dealt to 44fb1728 
Dealt to 88707f58 
Dealt to 13f850d3 
Dealt to bf9b1a5d 
Dealt to a3433a2f 
44fb1728: folds
88707f58: folds
13f850d3: raises $0.15 to $0.25
bf9b1a5d: folds
a3433a2f: folds
Hero: folds
Uncalled bet ($0.15) returned to 13f850d3
*** SHOWDOWN ***
13f850d3 collected $0.25 from pot
*** SUMMARY ***
Total pot $0.25 | Rake $0 | Jackpot $0 | Bingo $0 | Fortune $0 | Tax $0
Seat 1: Hero (big blind) folded before Flop
Seat 2: 44fb1728 folded before Flop (didn't bet)
Seat 3: 88707f58 folded before Flop (didn't bet)
Seat 4: 13f850d3 collected ($0.25)
Seat 5: bf9b1a5d (button) folded before Flop (didn't bet)
Seat 6: a3433a2f (small blind) folded before Flop


Poker Hand #HD1782014275: Hold'em No Limit ($0.05/$0.1) - 2024/05/21 16:45:02
Table 'NLHRed40' 6-max Seat #4 is the button
Seat 1: Hero ($10.21 in chips)
Seat 2: 44fb1728 ($8.01 in chips)
Seat 3: 88707f58 ($12.8 in chips)
Seat 4: 13f850d3 ($10.78 in chips)
Seat 5: bf9b1a5d ($10.07 in chips)
Seat 6: a3433a2f ($7.56 in chips)
bf9b1a5d: posts small blind $0.05
a3433a2f: posts big blind $0.1
*** HOLE CARDS ***
Dealt to Hero [5c 3s]
Dealt to 44fb1728 
Dealt to 88707f58 
Dealt to 13f850d3 
Dealt to bf9b1a5d 
Dealt to a3433a2f 
Hero: folds
44fb1728: folds
88707f58: raises $0.2 to $0.3
13f850d3: folds
bf9b1a5d: folds
a3433a2f: folds
Uncalled bet ($0.2) returned to 88707f58
*** SHOWDOWN ***
88707f58 collected $0.25 from pot
*** SUMMARY ***
Total pot $0.25 | Rake $0 | Jackpot $0 | Bingo $0 | Fortune $0 | Tax $0
Seat 1: Hero folded before Flop (didn't bet)
Seat 2: 44fb1728 folded before Flop (didn't bet)
Seat 3: 88707f58 collected ($0.25)
Seat 4: 13f850d3 (button) folded before Flop (didn't bet)
Seat 5: bf9b1a5d (small blind) folded before Flop
Seat 6: a3433a2f (big blind) folded before Flop


Poker Hand #HD1782014181: Hold'em No Limit ($0.05/$0.1) - 2024/05/21 16:44:11
Table 'NLHRed40' 6-max Seat #3 is the button
Seat 1: Hero ($10.21 in chips)
Seat 2: 44fb1728 ($8.01 in chips)
Seat 3: 88707f58 ($10.32 in chips)
Seat 4: 13f850d3 ($10.83 in chips)
Seat 5: bf9b1a5d ($10.17 in chips)
Seat 6: a3433a2f ($10.26 in chips)
13f850d3: posts small blind $0.05
bf9b1a5d: posts big blind $0.1
*** HOLE CARDS ***
Dealt to Hero [9d 9c]
Dealt to 44fb1728 
Dealt to 88707f58 
Dealt to 13f850d3 
Dealt to bf9b1a5d 
Dealt to a3433a2f 
a3433a2f: raises $0.15 to $0.25
Hero: folds
44fb1728: folds
88707f58: calls $0.25
13f850d3: folds
bf9b1a5d: folds
*** FLOP *** [8c 4s 7c]
a3433a2f: bets $0.25
88707f58: raises $0.58 to $0.83
a3433a2f: calls $0.58
*** TURN *** [8c 4s 7c] [Th]
a3433a2f: checks
88707f58: bets $1.62
a3433a2f: calls $1.62
*** RIVER *** [8c 4s 7c Th] [Qd]
a3433a2f: checks
88707f58: bets $7.62 and is all-in
a3433a2f: folds
Uncalled bet ($7.62) returned to 88707f58
*** SHOWDOWN ***
88707f58 collected $5.18 from pot
*** SUMMARY ***
Total pot $5.55 | Rake $0.27 | Jackpot $0.1 | Bingo $0 | Fortune $0 | Tax $0
Board [8c 4s 7c Th Qd]
Seat 1: Hero folded before Flop (didn't bet)
Seat 2: 44fb1728 folded before Flop (didn't bet)
Seat 3: 88707f58 (button) won ($5.18)
Seat 4: 13f850d3 (small blind) folded before Flop
Seat 5: bf9b1a5d (big blind) folded before Flop
Seat 6: a3433a2f folded on the River


Poker Hand #HD1782014160: Hold'em No Limit ($0.05/$0.1) - 2024/05/21 16:44:02
Table 'NLHRed40' 6-max Seat #2 is the button
Seat 1: Hero ($10.21 in chips)
Seat 2: 44fb1728 ($8.01 in chips)
Seat 3: 88707f58 ($10.22 in chips)
Seat 4: 13f850d3 ($10.93 in chips)
Seat 5: bf9b1a5d ($10.17 in chips)
Seat 6: a3433a2f ($10.26 in chips)
88707f58: posts small blind $0.05
13f850d3: posts big blind $0.1
*** HOLE CARDS ***
Dealt to Hero [4c Th]
Dealt to 44fb1728 
Dealt to 88707f58 
Dealt to 13f850d3 
Dealt to bf9b1a5d 
Dealt to a3433a2f 
bf9b1a5d: folds
a3433a2f: folds
Hero: folds
44fb1728: folds
88707f58: raises $0.2 to $0.3
13f850d3: folds
Uncalled bet ($0.2) returned to 88707f58
*** SHOWDOWN ***
88707f58 collected $0.2 from pot
*** SUMMARY ***
Total pot $0.2 | Rake $0 | Jackpot $0 | Bingo $0 | Fortune $0 | Tax $0
Seat 1: Hero folded before Flop (didn't bet)
Seat 2: 44fb1728 (button) folded before Flop (didn't bet)
Seat 3: 88707f58 (small blind) collected ($0.2)
Seat 4: 13f850d3 (big blind) folded before Flop
Seat 5: bf9b1a5d folded before Flop (didn't bet)
Seat 6: a3433a2f folded before Flop (didn't bet)


Poker Hand #HD1782014069: Hold'em No Limit ($0.05/$0.1) - 2024/05/21 16:43:16
Table 'NLHRed40' 6-max Seat #1 is the button
Seat 1: Hero ($10.21 in chips)
Seat 2: 44fb1728 ($8.25 in chips)
Seat 3: 88707f58 ($10 in chips)
Seat 4: 13f850d3 ($10.93 in chips)
Seat 5: bf9b1a5d ($10.17 in chips)
Seat 6: a3433a2f ($10.26 in chips)
44fb1728: posts small blind $0.05
88707f58: posts big blind $0.1
*** HOLE CARDS ***
Dealt to Hero [9d 8c]
Dealt to 44fb1728 
Dealt to 88707f58 
Dealt to 13f850d3 
Dealt to bf9b1a5d 
Dealt to a3433a2f 
13f850d3: folds
bf9b1a5d: folds
a3433a2f: folds
Hero: folds
44fb1728: calls $0.05
88707f58: checks
*** FLOP *** [Kc 7c Qs]
44fb1728: checks
88707f58: checks
*** TURN *** [Kc 7c Qs] [9h]
44fb1728: checks
88707f58: bets $0.14
44fb1728: calls $0.14
*** RIVER *** [Kc 7c Qs 9h] [Ts]
44fb1728: checks
88707f58: checks
44fb1728: shows [8h Ad] (Ace-High)
88707f58: shows [Qh 6d] (Pair of Queens)
*** SHOWDOWN ***
88707f58 collected $0.46 from pot
*** SUMMARY ***
Total pot $0.48 | Rake $0.02 | Jackpot $0 | Bingo $0 | Fortune $0 | Tax $0
Board [Kc 7c Qs 9h Ts]
Seat 1: Hero (button) folded before Flop (didn't bet)
Seat 2: 44fb1728 (small blind) showed [8h Ad] and lost with Ace-High
Seat 3: 88707f58 (big blind) showed [Qh 6d] and won ($0.46) with Pair of Queens
Seat 4: 13f850d3 folded before Flop (didn't bet)
Seat 5: bf9b1a5d folded before Flop (didn't bet)
Seat 6: a3433a2f folded before Flop (didn't bet)


Poker Hand #HD1782014050: Hold'em No Limit ($0.05/$0.1) - 2024/05/21 16:42:59
Table 'NLHRed40' 6-max Seat #6 is the button
Seat 1: Hero ($10.26 in chips)
Seat 2: 44fb1728 ($8.35 in chips)
Seat 3: 88707f58 ($10 in chips)
Seat 4: 13f850d3 ($10.78 in chips)
Seat 5: bf9b1a5d ($10.17 in chips)
Seat 6: a3433a2f ($10.26 in chips)
Hero: posts small blind $0.05
44fb1728: posts big blind $0.1
*** HOLE CARDS ***
Dealt to Hero [3h Ah]
Dealt to 44fb1728 
Dealt to 88707f58 
Dealt to 13f850d3 
Dealt to bf9b1a5d 
Dealt to a3433a2f 
88707f58: folds
13f850d3: raises $0.11 to $0.21
bf9b1a5d: folds
a3433a2f: folds
Hero: folds
44fb1728: folds
Uncalled bet ($0.11) returned to 13f850d3
*** SHOWDOWN ***
13f850d3 collected $0.25 from pot
*** SUMMARY ***
Total pot $0.25 | Rake $0 | Jackpot $0 | Bingo $0 | Fortune $0 | Tax $0
Seat 1: Hero (small blind) folded before Flop
Seat 2: 44fb1728 (big blind) folded before Flop
Seat 3: 88707f58 folded before Flop (didn't bet)
Seat 4: 13f850d3 collected ($0.25)
Seat 5: bf9b1a5d folded before Flop (didn't bet)
Seat 6: a3433a2f (button) folded before Flop (didn't bet)


Poker Hand #HD1782013938: Hold'em No Limit ($0.05/$0.1) - 2024/05/21 16:41:59
Table 'NLHRed40' 6-max Seat #5 is the button
Seat 1: Hero ($10.36 in chips)
Seat 2: 44fb1728 ($5.55 in chips)
Seat 3: 88707f58 ($10.77 in chips)
Seat 4: 13f850d3 ($10.78 in chips)
Seat 5: bf9b1a5d ($10.37 in chips)
Seat 6: a3433a2f ($10.31 in chips)
a3433a2f: posts small blind $0.05
Hero: posts big blind $0.1
*** HOLE CARDS ***
Dealt to Hero [8h 7s]
Dealt to 44fb1728 
Dealt to 88707f58 
Dealt to 13f850d3 
Dealt to bf9b1a5d 
Dealt to a3433a2f 
44fb1728: raises $0.1 to $0.2
88707f58: calls $0.2
13f850d3: folds
bf9b1a5d: calls $0.2
a3433a2f: folds
Hero: folds
*** FLOP *** [9d 5s 8d]
44fb1728: checks
88707f58: bets $0.53
bf9b1a5d: folds
44fb1728: calls $0.53
*** TURN *** [9d 5s 8d] [2h]
44fb1728: bets $0.6
88707f58: calls $0.6
*** RIVER *** [9d 5s 8d 2h] [Td]
44fb1728: bets $1.51
88707f58: calls $1.51
44fb1728: shows [9s Ac] (Pair of Nines)
88707f58: shows [As 8s] (Pair of Eights)
*** SHOWDOWN ***
44fb1728 collected $5.64 from pot
*** SUMMARY ***
Total pot $6.03 | Rake $0.29 | Jackpot $0.1 | Bingo $0 | Fortune $0 | Tax $0
Board [9d 5s 8d 2h Td]
Seat 1: Hero (big blind) folded before Flop
Seat 2: 44fb1728 showed [9s Ac] and won ($5.64) with Pair of Nines
Seat 3: 88707f58 showed [As 8s] and lost with Pair of Eights
Seat 4: 13f850d3 folded before Flop (didn't bet)
Seat 5: bf9b1a5d (button) folded on the Flop
Seat 6: a3433a2f (small blind) folded before Flop


Poker Hand #HD1782013913: Hold'em No Limit ($0.05/$0.1) - 2024/05/21 16:41:45
Table 'NLHRed40' 6-max Seat #4 is the button
Seat 1: Hero ($10.36 in chips)
Seat 2: 44fb1728 ($5.4 in chips)
Seat 3: 88707f58 ($10.77 in chips)
Seat 4: 13f850d3 ($10.78 in chips)
Seat 5: bf9b1a5d ($10.42 in chips)
Seat 6: a3433a2f ($10.41 in chips)
bf9b1a5d: posts small blind $0.05
a3433a2f: posts big blind $0.1
*** HOLE CARDS ***
Dealt to Hero [4h Ts]
Dealt to 44fb1728 
Dealt to 88707f58 
Dealt to 13f850d3 
Dealt to bf9b1a5d 
Dealt to a3433a2f 
Hero: folds
44fb1728: raises $0.2 to $0.3
88707f58: folds
13f850d3: folds
bf9b1a5d: folds
a3433a2f: folds
Uncalled bet ($0.2) returned to 44fb1728
*** SHOWDOWN ***
44fb1728 collected $0.25 from pot
*** SUMMARY ***
Total pot $0.25 | Rake $0 | Jackpot $0 | Bingo $0 | Fortune $0 | Tax $0
Seat 1: Hero folded before Flop (didn't bet)
Seat 2: 44fb1728 collected ($0.25)
Seat 3: 88707f58 folded before Flop (didn't bet)
Seat 4: 13f850d3 (button) folded before Flop (didn't bet)
Seat 5: bf9b1a5d (small blind) folded before Flop
Seat 6: a3433a2f (big blind) folded before Flop


Poker Hand #HD1782013829: Hold'em No Limit ($0.05/$0.1) - 2024/05/21 16:40:56
Table 'NLHRed40' 6-max Seat #3 is the button
Seat 1: Hero ($10.36 in chips)
Seat 2: 44fb1728 ($4.64 in chips)
Seat 3: 88707f58 ($11.45 in chips)
Seat 4: 13f850d3 ($10.83 in chips)
Seat 5: bf9b1a5d ($10.52 in chips)
Seat 6: a3433a2f ($10.41 in chips)
13f850d3: posts small blind $0.05
bf9b1a5d: posts big blind $0.1
*** HOLE CARDS ***
Dealt to Hero [2c Ad]
Dealt to 44fb1728 
Dealt to 88707f58 
Dealt to 13f850d3 
Dealt to bf9b1a5d 
Dealt to a3433a2f 
a3433a2f: folds
Hero: folds
44fb1728: raises $0.2 to $0.3
88707f58: calls $0.3
13f850d3: folds
bf9b1a5d: folds
*** FLOP *** [Ks Kc 8d]
44fb1728: checks
88707f58: bets $0.38
44fb1728: calls $0.38
*** TURN *** [Ks Kc 8d] [6c]
44fb1728: checks
88707f58: checks
*** RIVER *** [Ks Kc 8d 6c] [Tc]
44fb1728: bets $0.5
88707f58: folds
Uncalled bet ($0.5) returned to 44fb1728
*** SHOWDOWN ***
44fb1728 collected $1.44 from pot
*** SUMMARY ***
Total pot $1.51 | Rake $0.07 | Jackpot $0 | Bingo $0 | Fortune $0 | Tax $0
Board [Ks Kc 8d 6c Tc]
Seat 1: Hero folded before Flop (didn't bet)
Seat 2: 44fb1728 won ($1.44)
Seat 3: 88707f58 (button) folded on the River
Seat 4: 13f850d3 (small blind) folded before Flop
Seat 5: bf9b1a5d (big blind) folded before Flop
Seat 6: a3433a2f folded before Flop (didn't bet)


Poker Hand #HD1782013715: Hold'em No Limit ($0.05/$0.1) - 2024/05/21 16:39:56
Table 'NLHRed40' 6-max Seat #2 is the button
Seat 1: Hero ($10 in chips)
Seat 2: 44fb1728 ($4.88 in chips)
Seat 3: 88707f58 ($11.5 in chips)
Seat 4: 13f850d3 ($10.93 in chips)
Seat 5: bf9b1a5d ($10.52 in chips)
Seat 6: a3433a2f ($10.41 in chips)
88707f58: posts small blind $0.05
13f850d3: posts big blind $0.1
*** HOLE CARDS ***
Dealt to Hero [Jh Ah]
Dealt to 44fb1728 
Dealt to 88707f58 
Dealt to 13f850d3 
Dealt to bf9b1a5d 
Dealt to a3433a2f 
bf9b1a5d: folds
a3433a2f: folds
Hero: raises $0.14 to $0.24
44fb1728: calls $0.24
88707f58: folds
13f850d3: folds
*** FLOP *** [7s 4s 5c]
Hero: checks
44fb1728: checks
*** TURN *** [7s 4s 5c] [Th]
Hero: checks
44fb1728: checks
*** RIVER *** [7s 4s 5c Th] [3d]
Hero: checks
44fb1728: checks
Hero: shows [Jh Ah] (Ace-High)
44fb1728: shows [9c 8s] (Ten-High)
*** SHOWDOWN ***
Hero collected $0.6 from pot
*** SUMMARY ***
Total pot $0.63 | Rake $0.03 | Jackpot $0 | Bingo $0 | Fortune $0 | Tax $0
Board [7s 4s 5c Th 3d]
Seat 1: Hero showed [Jh Ah] and won ($0.6) with Ace-High
Seat 2: 44fb1728 (button) showed [9c 8s] and lost with Ten-High
Seat 3: 88707f58 (small blind) folded before Flop
Seat 4: 13f850d3 (big blind) folded before Flop
Seat 5: bf9b1a5d folded before Flop (didn't bet)
Seat 6: a3433a2f folded before Flop (didn't bet)


Poker Hand #HD1782013633: Hold'em No Limit ($0.05/$0.1) - 2024/05/21 16:39:08
Table 'NLHRed40' 6-max Seat #1 is the button
Seat 1: Hero ($10 in chips)
Seat 2: 44fb1728 ($5.23 in chips)
Seat 3: 88707f58 ($11.6 in chips)
Seat 4: 13f850d3 ($10.93 in chips)
Seat 5: bf9b1a5d ($10.52 in chips)
Seat 6: a3433a2f ($10 in chips)
44fb1728: posts small blind $0.05
88707f58: posts big blind $0.1
*** HOLE CARDS ***
Dealt to Hero [9s Th]
Dealt to 44fb1728 
Dealt to 88707f58 
Dealt to 13f850d3 
Dealt to bf9b1a5d 
Dealt to a3433a2f 
13f850d3: folds
bf9b1a5d: folds
a3433a2f: raises $0.25 to $0.35
Hero: folds
44fb1728: calls $0.3
88707f58: folds
*** FLOP *** [Qh Ac 4h]
44fb1728: checks
a3433a2f: bets $0.3
44fb1728: folds
Uncalled bet ($0.3) returned to a3433a2f
*** SHOWDOWN ***
a3433a2f collected $0.76 from pot
*** SUMMARY ***
Total pot $0.8 | Rake $0.04 | Jackpot $0 | Bingo $0 | Fortune $0 | Tax $0
Board [Qh Ac 4h]
Seat 1: Hero (button) folded before Flop (didn't bet)
Seat 2: 44fb1728 (small blind) folded on the Flop
Seat 3: 88707f58 (big blind) folded before Flop
Seat 4: 13f850d3 folded before Flop (didn't bet)
Seat 5: bf9b1a5d folded before Flop (didn't bet)
Seat 6: a3433a2f won ($0.76)


Poker Hand #HD1782013555: Hold'em No Limit ($0.05/$0.1) - 2024/05/21 16:38:23
Table 'NLHRed40' 6-max Seat #6 is the button
Seat 1: Hero ($10 in chips)
Seat 2: 44fb1728 ($4.35 in chips)
Seat 3: 88707f58 ($11.6 in chips)
Seat 4: 13f850d3 ($10.93 in chips)
Seat 5: bf9b1a5d ($11.44 in chips)
Seat 6: a3433a2f ($9.54 in chips)
Hero: posts small blind $0.05
44fb1728: posts big blind $0.1
*** HOLE CARDS ***
Dealt to Hero [Kh 9c]
Dealt to 44fb1728 
Dealt to 88707f58 
Dealt to 13f850d3 
Dealt to bf9b1a5d 
Dealt to a3433a2f 
88707f58: folds
13f850d3: folds
bf9b1a5d: raises $0.1 to $0.2
a3433a2f: folds
Hero: folds
44fb1728: calls $0.1
*** FLOP *** [Tc Jh 2c]
44fb1728: checks
bf9b1a5d: bets $0.15
44fb1728: calls $0.15
*** TURN *** [Tc Jh 2c] [8h]
44fb1728: checks
bf9b1a5d: bets $0.57
44fb1728: calls $0.57
*** RIVER *** [Tc Jh 2c 8h] [Th]
44fb1728: bets $0.95
bf9b1a5d: folds
Uncalled bet ($0.95) returned to 44fb1728
*** SHOWDOWN ***
44fb1728 collected $1.8 from pot
*** SUMMARY ***
Total pot $1.89 | Rake $0.09 | Jackpot $0 | Bingo $0 | Fortune $0 | Tax $0
Board [Tc Jh 2c 8h Th]
Seat 1: Hero (small blind) folded before Flop
Seat 2: 44fb1728 (big blind) won ($1.8)
Seat 3: 88707f58 folded before Flop (didn't bet)
Seat 4: 13f850d3 folded before Flop (didn't bet)
Seat 5: bf9b1a5d folded on the River
Seat 6: a3433a2f (button) folded before Flop (didn't bet)


Poker Hand #HD1782013508: Hold'em No Limit ($0.05/$0.1) - 2024/05/21 16:37:56
Table 'NLHRed40' 6-max Seat #5 is the button
Seat 1: Hero ($10 in chips)
Seat 2: 44fb1728 ($4.35 in chips)
Seat 3: 88707f58 ($11.6 in chips)
Seat 4: 13f850d3 ($10.93 in chips)
Seat 5: bf9b1a5d ($11.44 in chips)
Seat 6: a3433a2f ($9.45 in chips)
a3433a2f: posts small blind $0.05
Hero: posts big blind $0.1
*** HOLE CARDS ***
Dealt to Hero [3d Td]
Dealt to 44fb1728 
Dealt to 88707f58 
Dealt to 13f850d3 
Dealt to bf9b1a5d 
Dealt to a3433a2f 
44fb1728: folds
88707f58: folds
13f850d3: folds
bf9b1a5d: folds
a3433a2f: calls $0.05
Hero: checks
*** FLOP *** [Qh 6c 4h]
a3433a2f: bets $0.1
Hero: folds
Uncalled bet ($0.1) returned to a3433a2f
*** SHOWDOWN ***
a3433a2f collected $0.19 from pot
*** SUMMARY ***
Total pot $0.2 | Rake $0.01 | Jackpot $0 | Bingo $0 | Fortune $0 | Tax $0
Board [Qh 6c 4h]
Seat 1: Hero (big blind) folded on the Flop
Seat 2: 44fb1728 folded before Flop (didn't bet)
Seat 3: 88707f58 folded before Flop (didn't bet)
Seat 4: 13f850d3 folded before Flop (didn't bet)
Seat 5: bf9b1a5d (button) folded before Flop (didn't bet)
Seat 6: a3433a2f (small blind) won ($0.19)


Poker Hand #HD1782013473: Hold'em No Limit ($0.05/$0.1) - 2024/05/21 16:37:39
Table 'NLHRed40' 6-max Seat #4 is the button
Seat 1: Hero ($10 in chips)
Seat 2: 44fb1728 ($4.35 in chips)
Seat 3: 88707f58 ($11.45 in chips)
Seat 4: 13f850d3 ($10.93 in chips)
Seat 5: bf9b1a5d ($11.49 in chips)
Seat 6: a3433a2f ($9.55 in chips)
bf9b1a5d: posts small blind $0.05
a3433a2f: posts big blind $0.1
*** HOLE CARDS ***
Dealt to Hero [Ah 8c]
Dealt to 44fb1728 
Dealt to 88707f58 
Dealt to 13f850d3 
Dealt to bf9b1a5d 
Dealt to a3433a2f 
Hero: folds
44fb1728: folds
88707f58: raises $0.2 to $0.3
13f850d3: folds
bf9b1a5d: folds
a3433a2f: folds
Uncalled bet ($0.2) returned to 88707f58
*** SHOWDOWN ***
88707f58 collected $0.25 from pot
*** SUMMARY ***
Total pot $0.25 | Rake $0 | Jackpot $0 | Bingo $0 | Fortune $0 | Tax $0
Seat 1: Hero folded before Flop (didn't bet)
Seat 2: 44fb1728 folded before Flop (didn't bet)
Seat 3: 88707f58 collected ($0.25)
Seat 4: 13f850d3 (button) folded before Flop (didn't bet)
Seat 5: bf9b1a5d (small blind) folded before Flop
Seat 6: a3433a2f (big blind) folded before Flop


Poker Hand #HD1782013438: Hold'em No Limit ($0.05/$0.1) - 2024/05/21 16:37:20
Table 'NLHRed40' 6-max Seat #3 is the button
Seat 1: Hero ($10 in chips)
Seat 2: 44fb1728 ($4.35 in chips)
Seat 3: 88707f58 ($11.3 in chips)
Seat 4: 13f850d3 ($10.98 in chips)
Seat 5: bf9b1a5d ($11.59 in chips)
Seat 6: a3433a2f ($9.55 in chips)
13f850d3: posts small blind $0.05
bf9b1a5d: posts big blind $0.1
*** HOLE CARDS ***
Dealt to Hero [4d 2s]
Dealt to 44fb1728 
Dealt to 88707f58 
Dealt to 13f850d3 
Dealt to bf9b1a5d 
Dealt to a3433a2f 
a3433a2f: folds
Hero: folds
44fb1728: folds
88707f58: raises $0.2 to $0.3
13f850d3: folds
bf9b1a5d: folds
Uncalled bet ($0.2) returned to 88707f58
*** SHOWDOWN ***
88707f58 collected $0.25 from pot
*** SUMMARY ***
Total pot $0.25 | Rake $0 | Jackpot $0 | Bingo $0 | Fortune $0 | Tax $0
Seat 1: Hero folded before Flop (didn't bet)
Seat 2: 44fb1728 folded before Flop (didn't bet)
Seat 3: 88707f58 (button) collected ($0.25)
Seat 4: 13f850d3 (small blind) folded before Flop
Seat 5: bf9b1a5d (big blind) folded before Flop
Seat 6: a3433a2f folded before Flop (didn't bet)


Poker Hand #HD1782013376: Hold'em No Limit ($0.05/$0.1) - 2024/05/21 16:36:46
Table 'NLHRed40' 6-max Seat #2 is the button
Seat 1: Hero ($10 in chips)
Seat 2: 44fb1728 ($4.45 in chips)
Seat 3: 88707f58 ($11.35 in chips)
Seat 4: 13f850d3 ($10.74 in chips)
Seat 5: bf9b1a5d ($11.59 in chips)
Seat 6: a3433a2f ($9.65 in chips)
88707f58: posts small blind $0.05
13f850d3: posts big blind $0.1
*** HOLE CARDS ***
Dealt to Hero [7h Js]
Dealt to 44fb1728 
Dealt to 88707f58 
Dealt to 13f850d3 
Dealt to bf9b1a5d 
Dealt to a3433a2f 
bf9b1a5d: folds
a3433a2f: calls $0.1
Hero: folds
44fb1728: calls $0.1
88707f58: folds
13f850d3: raises $0.5 to $0.6
a3433a2f: folds
44fb1728: folds
Uncalled bet ($0.5) returned to 13f850d3
*** SHOWDOWN ***
13f850d3 collected $0.34 from pot
*** SUMMARY ***
Total pot $0.35 | Rake $0.01 | Jackpot $0 | Bingo $0 | Fortune $0 | Tax $0
Seat 1: Hero folded before Flop (didn't bet)
Seat 2: 44fb1728 (button) folded before Flop
Seat 3: 88707f58 (small blind) folded before Flop
Seat 4: 13f850d3 (big blind) collected ($0.34)
Seat 5: bf9b1a5d folded before Flop (didn't bet)
Seat 6: a3433a2f folded before Flop


Poker Hand #HD1782013250: Hold'em No Limit ($0.05/$0.1) - 2024/05/21 16:35:28
Table 'NLHRed40' 6-max Seat #1 is the button
Seat 1: Hero ($10 in chips)
Seat 2: 44fb1728 ($2.27 in chips)
Seat 3: 88707f58 ($11.59 in chips)
Seat 4: 13f850d3 ($10.74 in chips)
Seat 5: bf9b1a5d ($11.59 in chips)
Seat 6: a3433a2f ($9.65 in chips)
44fb1728: posts small blind $0.05
88707f58: posts big blind $0.1
*** HOLE CARDS ***
Dealt to Hero [Qd Kh]
Dealt to 44fb1728 
Dealt to 88707f58 
Dealt to 13f850d3 
Dealt to bf9b1a5d 
Dealt to a3433a2f 
13f850d3: folds
bf9b1a5d: folds
a3433a2f: folds
Hero: raises $0.14 to $0.24
44fb1728: calls $0.19
88707f58: calls $0.14
*** FLOP *** [7h Ac Th]
44fb1728: checks
88707f58: checks
Hero: bets $0.24
44fb1728: calls $0.24
88707f58: folds
*** TURN *** [7h Ac Th] [Qh]
44fb1728: checks
Hero: bets $0.7
44fb1728: raises $1.09 to $1.79 and is all-in
Hero: calls $1.09
44fb1728: shows [Ah Td] (Pair of Aces and Pair of Tens)
Hero: shows [Qd Kh] (Pair of Queens)
*** RIVER *** [7h Ac Th Qh] [Ad]
*** SHOWDOWN ***
44fb1728 collected $4.45 from pot
*** SUMMARY ***
Total pot $4.78 | Rake $0.23 | Jackpot $0.1 | Bingo $0 | Fortune $0 | Tax $0
Board [7h Ac Th Qh Ad]
Seat 1: Hero (button) showed [Qd Kh] and lost with Pair of Aces and Pair of Queens
Seat 2: 44fb1728 (small blind) showed [Ah Td] and won ($4.45) with Aces Full over Tens
Seat 3: 88707f58 (big blind) folded on the Flop
Seat 4: 13f850d3 folded before Flop (didn't bet)
Seat 5: bf9b1a5d folded before Flop (didn't bet)
Seat 6: a3433a2f folded before Flop (didn't bet)


Poker Hand #HD1782013156: Hold'em No Limit ($0.05/$0.1) - 2024/05/21 16:34:38
Table 'NLHRed40' 6-max Seat #6 is the button
Seat 1: Hero ($10 in chips)
Seat 2: 44fb1728 ($1.85 in chips)
Seat 3: 88707f58 ($11.59 in chips)
Seat 4: 13f850d3 ($10.74 in chips)
Seat 5: bf9b1a5d ($11.79 in chips)
Seat 6: a3433a2f ($9.85 in chips)
Hero: posts small blind $0.05
44fb1728: posts big blind $0.1
*** HOLE CARDS ***
Dealt to Hero [4c As]
Dealt to 44fb1728 
Dealt to 88707f58 
Dealt to 13f850d3 
Dealt to bf9b1a5d 
Dealt to a3433a2f 
88707f58: folds
13f850d3: folds
bf9b1a5d: raises $0.1 to $0.2
a3433a2f: calls $0.2
Hero: folds
44fb1728: calls $0.1
*** FLOP *** [9h 8s 5c]
44fb1728: checks
bf9b1a5d: checks
a3433a2f: checks
*** TURN *** [9h 8s 5c] [7c]
44fb1728: checks
bf9b1a5d: checks
a3433a2f: checks
*** RIVER *** [9h 8s 5c 7c] [Qc]
44fb1728: bets $0.22
bf9b1a5d: folds
a3433a2f: folds
Uncalled bet ($0.22) returned to 44fb1728
*** SHOWDOWN ***
44fb1728 collected $0.62 from pot
*** SUMMARY ***
Total pot $0.65 | Rake $0.03 | Jackpot $0 | Bingo $0 | Fortune $0 | Tax $0
Board [9h 8s 5c 7c Qc]
Seat 1: Hero (small blind) folded before Flop
Seat 2: 44fb1728 (big blind) won ($0.62)
Seat 3: 88707f58 folded before Flop (didn't bet)
Seat 4: 13f850d3 folded before Flop (didn't bet)
Seat 5: bf9b1a5d folded on the River
Seat 6: a3433a2f (button) folded on the River


Poker Hand #HD1782013125: Hold'em No Limit ($0.05/$0.1) - 2024/05/21 16:34:22
Table 'NLHRed40' 6-max Seat #5 is the button
Seat 1: Hero ($10 in chips)
Seat 2: 44fb1728 ($1.7 in chips)
Seat 3: 88707f58 ($11.59 in chips)
Seat 4: 13f850d3 ($10.74 in chips)
Seat 5: bf9b1a5d ($11.79 in chips)
Seat 6: a3433a2f ($9.9 in chips)
a3433a2f: posts small blind $0.05
Hero: posts big blind $0.1
*** HOLE CARDS ***
Dealt to Hero [4c Qh]
Dealt to 44fb1728 
Dealt to 88707f58 
Dealt to 13f850d3 
Dealt to bf9b1a5d 
Dealt to a3433a2f 
44fb1728: raises $0.1 to $0.2
88707f58: folds
13f850d3: folds
bf9b1a5d: folds
a3433a2f: folds
Hero: folds
Uncalled bet ($0.1) returned to 44fb1728
*** SHOWDOWN ***
44fb1728 collected $0.25 from pot
*** SUMMARY ***
Total pot $0.25 | Rake $0 | Jackpot $0 | Bingo $0 | Fortune $0 | Tax $0
Seat 1: Hero (big blind) folded before Flop
Seat 2: 44fb1728 collected ($0.25)
Seat 3: 88707f58 folded before Flop (didn't bet)
Seat 4: 13f850d3 folded before Flop (didn't bet)
Seat 5: bf9b1a5d (button) folded before Flop (didn't bet)
Seat 6: a3433a2f (small blind) folded before Flop


Poker Hand #HD1782013068: Hold'em No Limit ($0.05/$0.1) - 2024/05/21 16:33:46
Table 'NLHRed40' 6-max Seat #4 is the button
Seat 1: Hero ($10 in chips)
Seat 2: 44fb1728 ($1.9 in chips)
Seat 3: 88707f58 ($11.59 in chips)
Seat 4: 13f850d3 ($10.22 in chips)
Seat 5: bf9b1a5d ($11.84 in chips)
Seat 6: a3433a2f ($10 in chips)
bf9b1a5d: posts small blind $0.05
a3433a2f: posts big blind $0.1
*** HOLE CARDS ***
Dealt to Hero [9d 9s]
Dealt to 44fb1728 
Dealt to 88707f58 
Dealt to 13f850d3 
Dealt to bf9b1a5d 
Dealt to a3433a2f 
Hero: raises $0.1 to $0.2
44fb1728: calls $0.2
88707f58: folds
13f850d3: raises $1.2 to $1.4
bf9b1a5d: folds
a3433a2f: folds
Hero: folds
44fb1728: folds
Uncalled bet ($1.2) returned to 13f850d3
*** SHOWDOWN ***
13f850d3 collected $0.72 from pot
*** SUMMARY ***
Total pot $0.75 | Rake $0.03 | Jackpot $0 | Bingo $0 | Fortune $0 | Tax $0
Seat 1: Hero folded before Flop
Seat 2: 44fb1728 folded before Flop
Seat 3: 88707f58 folded before Flop (didn't bet)
Seat 4: 13f850d3 (button) collected ($0.72)
Seat 5: bf9b1a5d (small blind) folded before Flop
Seat 6: a3433a2f (big blind) folded before Flop


Poker Hand #HD1782013029: Hold'em No Limit ($0.05/$0.1) - 2024/05/21 16:33:26
Table 'NLHRed40' 6-max Seat #3 is the button
Seat 1: Hero ($10 in chips)
Seat 2: 44fb1728 ($2 in chips)
Seat 3: 88707f58 ($11.59 in chips)
Seat 4: 13f850d3 ($10.27 in chips)
Seat 5: bf9b1a5d ($11.69 in chips)
13f850d3: posts small blind $0.05
bf9b1a5d: posts big blind $0.1
44fb1728: posts big blind $0.1
*** HOLE CARDS ***
Dealt to Hero [Kc 9d]
Dealt to 44fb1728 
Dealt to 88707f58 
Dealt to 13f850d3 
Dealt to bf9b1a5d 
Hero: folds
44fb1728: checks
88707f58: folds
13f850d3: folds
bf9b1a5d: raises $0.3 to $0.4
44fb1728: folds
Uncalled bet ($0.3) returned to bf9b1a5d
*** SHOWDOWN ***
bf9b1a5d collected $0.25 from pot
*** SUMMARY ***
Total pot $0.25 | Rake $0 | Jackpot $0 | Bingo $0 | Fortune $0 | Tax $0
Seat 1: Hero folded before Flop (didn't bet)
Seat 2: 44fb1728 folded before Flop
Seat 3: 88707f58 (button) folded before Flop (didn't bet)
Seat 4: 13f850d3 (small blind) folded before Flop
Seat 5: bf9b1a5d (big blind) collected ($0.25)


Poker Hand #HD1782012933: Hold'em No Limit ($0.05/$0.1) - 2024/05/21 16:32:38
Table 'NLHRed40' 6-max Seat #1 is the button
Seat 1: Hero ($10.15 in chips)
Seat 3: 88707f58 ($11.64 in chips)
Seat 4: 13f850d3 ($10 in chips)
Seat 5: bf9b1a5d ($11.69 in chips)
88707f58: posts small blind $0.05
13f850d3: posts big blind $0.1
*** HOLE CARDS ***
Dealt to Hero [7s Ad]
Dealt to 88707f58 
Dealt to 13f850d3 
Dealt to bf9b1a5d 
bf9b1a5d: folds
Hero: raises $0.14 to $0.24
88707f58: folds
13f850d3: calls $0.14
*** FLOP *** [6d 8s 6h]
13f850d3: checks
Hero: checks
*** TURN *** [6d 8s 6h] [3h]
13f850d3: bets $0.35
Hero: folds
Uncalled bet ($0.35) returned to 13f850d3
*** SHOWDOWN ***
13f850d3 collected $0.51 from pot
*** SUMMARY ***
Total pot $0.53 | Rake $0.02 | Jackpot $0 | Bingo $0 | Fortune $0 | Tax $0
Board [6d 8s 6h 3h]
Seat 1: Hero (button) folded on the Turn
Seat 3: 88707f58 (small blind) folded before Flop
Seat 4: 13f850d3 (big blind) won ($0.51)
Seat 5: bf9b1a5d folded before Flop (didn't bet)


Poker Hand #HD1782012902: Hold'em No Limit ($0.05/$0.1) - 2024/05/21 16:32:22
Table 'NLHRed40' 6-max Seat #5 is the button
Seat 1: Hero ($10.05 in chips)
Seat 3: 88707f58 ($11.74 in chips)
Seat 4: 13f850d3 ($10 in chips)
Seat 5: bf9b1a5d ($11.69 in chips)
Hero: posts small blind $0.05
88707f58: posts big blind $0.1
*** HOLE CARDS ***
Dealt to Hero [5h 4h]
Dealt to 88707f58 
Dealt to 13f850d3 
Dealt to bf9b1a5d 
13f850d3: folds
bf9b1a5d: folds
Hero: raises $0.2 to $0.3
88707f58: folds
Uncalled bet ($0.2) returned to Hero
*** SHOWDOWN ***
Hero collected $0.2 from pot
*** SUMMARY ***
Total pot $0.2 | Rake $0 | Jackpot $0 | Bingo $0 | Fortune $0 | Tax $0
Seat 1: Hero (small blind) collected ($0.2)
Seat 3: 88707f58 (big blind) folded before Flop
Seat 4: 13f850d3 folded before Flop (didn't bet)
Seat 5: bf9b1a5d (button) folded before Flop (didn't bet)


Poker Hand #HD1782012868: Hold'em No Limit ($0.05/$0.1) - 2024/05/21 16:32:05
Table 'NLHRed40' 6-max Seat #4 is the button
Seat 1: Hero ($10 in chips)
Seat 2: 99432227 ($10.68 in chips)
Seat 3: 88707f58 ($11.74 in chips)
Seat 4: 13f850d3 ($10 in chips)
Seat 5: bf9b1a5d ($11.74 in chips)
bf9b1a5d: posts small blind $0.05
Hero: posts big blind $0.1
*** HOLE CARDS ***
Dealt to Hero [3s 5c]
Dealt to 99432227 
Dealt to 88707f58 
Dealt to 13f850d3 
Dealt to bf9b1a5d 
99432227: folds
88707f58: folds
13f850d3: folds
bf9b1a5d: folds
Uncalled bet ($0.05) returned to Hero
*** SHOWDOWN ***
Hero collected $0.1 from pot
*** SUMMARY ***
Total pot $0.1 | Rake $0 | Jackpot $0 | Bingo $0 | Fortune $0 | Tax $0
Seat 1: Hero (big blind) collected ($0.1)
Seat 2: 99432227 folded before Flop (didn't bet)
Seat 3: 88707f58 folded before Flop (didn't bet)
Seat 4: 13f850d3 (button) folded before Flop (didn't bet)
Seat 5: bf9b1a5d (small blind) folded before Flop


